@article{xie2013microbial,
  title={Microbial battery for efficient energy recovery},
  author={Xie, Xing and Ye, Meng and Hsu, Po-Chun and Liu, Nian and Criddle, Craig S and Cui, Yi},
  journal={Proceedings of the National Academy of Sciences},
  volume={110},
  number={40},
  pages={15925--15930},
  year={2013},
  publisher={National Acad Sciences}
}
@article{amin2012interactions,
  title={Interactions between diatoms and bacteria},
  author={Amin, Shady A and Parker, Micaela S and Armbrust, E Virginia},
  journal={Microbiol. Mol. Biol. Rev.},
  volume={76},
  number={3},
  pages={667--684},
  year={2012},
  publisher={Am Soc Microbiol}
}
@article{li2013experimental,
  title={An experimental study of microbial fuel cells for electricity generating: performance characterization and capacity improvement},
  author={Li, Jessica and others},
  journal={Journal of Sustainable Bioenergy Systems},
  volume={3},
  number={03},
  pages={171},
  year={2013},
  publisher={Scientific Research Publishing}
}
@article{cole1982interactions,
  title={Interactions between bacteria and algae in aquatic ecosystems},
  author={Cole, Jonathan J},
  journal={Annual Review of Ecology and Systematics},
  volume={13},
  number={1},
  pages={291--314},
  year={1982},
  publisher={Annual Reviews Inc.}
}
@article{de2010phytoplankton,
  title={Phytoplankton-bacteria coupling under elevated CO 2 levels: a stable isotope labelling study},
  author={De Kluijver, A and Soetaert, K and Schulz, Kai G and Riebesell, Ulf and Bellerby, RGJ and Middelburg, JJ},
  journal={Biogeosciences (BG)},
  volume={7},
  number={11},
  pages={3783--3797},
  year={2010},
  publisher={Copernicus Publications}
}
@article{currie1990large,
  title={Large-scale variability and interactions among phytoplankton, bacterioplankton, and phosphorus},
  author={Currie, David J},
  journal={Limnology and Oceanography},
  volume={35},
  number={7},
  pages={1437--1455},
  year={1990},
  publisher={Wiley Online Library}
}
@article{gong2017dynamics,
  title={Dynamics of bacterial abundance and the related environmental factors in large shallow eutrophic Lake Taihu},
  author={Gong, Yi and Tang, Xiangming and Shao, Keqiang and Hu, Yang and Gao, Guang},
  journal={Journal of Freshwater Ecology},
  volume={32},
  number={1},
  pages={133--145},
  year={2017},
  publisher={Taylor \& Francis}
}
@article{beliaev2014inference,
  title={Inference of interactions in cyanobacterial--heterotrophic co-cultures via transcriptome sequencing},
  author={Beliaev, Alexander S and Romine, Margie F and Serres, Margrethe and Bernstein, Hans C and Linggi, Bryan E and Markillie, Lye M and Isern, Nancy G and Chrisler, William B and Kucek, Leo A and Hill, Eric A and others},
  journal={The ISME journal},
  volume={8},
  number={11},
  pages={2243--2255},
  year={2014},
  publisher={Nature Publishing Group}
}
@article{summers2013cultivation,
  title={Cultivation of an obligate Fe (II)-oxidizing lithoautotrophic bacterium using electrodes},
  author={Summers, Zarath M and Gralnick, Jeffrey A and Bond, Daniel R},
  journal={MBio},
  volume={4},
  number={1},
  pages={e00420--12},
  year={2013},
  publisher={Am Soc Microbiol}
}
@article{reguera2005extracellular,
  title={Extracellular electron transfer via microbial nanowires},
  author={Reguera, Gemma and McCarthy, Kevin D and Mehta, Teena and Nicoll, Julie S and Tuominen, Mark T and Lovley, Derek R},
  journal={Nature},
  volume={435},
  number={7045},
  pages={1098--1101},
  year={2005},
  publisher={Nature Publishing Group}
}
@article{bratbak1985phytoplankton,
  title={Phytoplankton-bacteria interactions: an apparent paradox? Analysis of a model system with both competition and commensalism.},
  author={Bratbak, G and Thingstad, TF},
  journal={Marine ecology progress series. Oldendorf},
  volume={25},
  number={1},
  pages={23--30},
  year={1985}
}
@article{durham2017recognition,
  title={Recognition cascade and metabolite transfer in a marine bacteria-phytoplankton model system},
  author={Durham, Bryndan P and Dearth, Stephen P and Sharma, Shalabh and Amin, Shady A and Smith, Christa B and Campagna, Shawn R and Armbrust, E Virginia and Moran, Mary Ann},
  journal={Environmental microbiology},
  volume={19},
  number={9},
  pages={3500--3513},
  year={2017},
  publisher={Wiley Online Library}
}
@article{sanders1992relationships,
  title={Relationships between bacteria and heterotrophic nanoplankton in marine and fresh waters: an inter-ecosystem comparison},
  author={Sanders, Robert W and Caron, David A and Berninger, Ulrike-G},
  journal={Marine ecology progress series},
  pages={1--14},
  year={1992},
  publisher={JSTOR}
}
@article{light2018flavin,
  title={A flavin-based extracellular electron transfer mechanism in diverse Gram-positive bacteria},
  author={Light, Samuel H and Su, Lin and Rivera-Lugo, Rafael and Cornejo, Jose A and Louie, Alexander and Iavarone, Anthony T and Ajo-Franklin, Caroline M and Portnoy, Daniel A},
  journal={Nature},
  volume={562},
  number={7725},
  pages={140--144},
  year={2018},
  publisher={Nature Publishing Group}
}
@article{jones1986release,
  title={The release of micro-algal photosynthate and associated bacterial uptake and heterotrophic growth},
  author={Jones, Alvin K and Cannon, Robert C},
  journal={British Phycological Journal},
  volume={21},
  number={4},
  pages={341--358},
  year={1986},
  publisher={Taylor \& Francis}
}
@article{usharani2012spirulina,
  title={Spirulina cultivation: a review},
  author={Usharani, G and Saranraj, P and Kanchana, D},
  journal={Int J Pharm Biol Arch},
  volume={3},
  number={6},
  year={2012}
}