@article{min2005electricity,
  title={Electricity generation using membrane and salt bridge microbial fuel cells},
  author={Min, Booki and Cheng, Shaoan and Logan, Bruce E},
  journal={Water research},
  volume={39},
  number={9},
  pages={1675--1686},
  year={2005},
  publisher={Elsevier}
}
@article{gennis1987cytochromes,
  title={The cytochromes of Escherichia coli},
  author={Gennis, Robert B},
  journal={FEMS Microbiology reviews},
  volume={3},
  number={4},
  pages={387--399},
  year={1987},
  publisher={Blackwell Publishing Ltd Oxford, UK}
}
@article{rhieu2009direct,
  title={Direct electrochemistry of cytochrome P450 27B1 in surfactant films},
  author={Rhieu, Steve Y and Ludwig, Daniel R and Siu, Vince S and Palmore, G Tayhas R},
  journal={Electrochemistry communications},
  volume={11},
  number={10},
  pages={1857--1860},
  year={2009},
  publisher={Elsevier}
}
@article{schramski2015metabolic,
  title={Metabolic theory predicts whole-ecosystem properties},
  author={Schramski, John R and Dell, Anthony I and Grady, John M and Sibly, Richard M and Brown, James H},
  journal={Proceedings of the National Academy of Sciences},
  volume={112},
  number={8},
  pages={2617--2622},
  year={2015},
  publisher={National Acad Sciences}
}
@article{edwards2000escherichia,
  title={The Escherichia coli MG1655 in silico metabolic genotype: its definition, characteristics, and capabilities},
  author={Edwards, JS and Palsson, BO},
  journal={Proceedings of the National Academy of Sciences},
  volume={97},
  number={10},
  pages={5528--5533},
  year={2000},
  publisher={National Acad Sciences}
}
@article{lorence1984effects,
  title={Effects of pH and detergent on the kinetic and electrochemical properties of the purified cytochrome d terminal oxidase complex of Escherichia coli},
  author={Lorence, Robert M and Miller, Michael J and Borochov, Amihud and Faiman-Weinberg, Rosalind and Gennis, Robert B},
  journal={Biochimica et Biophysica Acta (BBA)-Protein Structure and Molecular Enzymology},
  volume={790},
  number={2},
  pages={148--153},
  year={1984},
  publisher={Elsevier}
}