@article{anderson2015empower,
  title={EMPOWER-1.0: an efficient model of planktonic ecosystems written in R},
  author={Anderson, TR and Gentleman, WC and Yool, A},
  journal={Geoscientific Model Development},
  volume={8},
  number={7},
  pages={2231--2262},
  year={2015}
}
@article{kidston2013phytoplankton,
  title={Phytoplankton growth in the Australian sector of the Southern Ocean, examined by optimising ecosystem model parameters},
  author={Kidston, Mehera and Matear, Richard and Baird, Mark E},
  journal={Journal of Marine Systems},
  volume={128},
  pages={123--137},
  year={2013},
  publisher={Elsevier}
}
