@article{edwards2000escherichia,
  title={The Escherichia coli MG1655 in silico metabolic genotype: its definition, characteristics, and capabilities},
  author={Edwards, JS and Palsson, BO},
  journal={Proceedings of the National Academy of Sciences},
  volume={97},
  number={10},
  pages={5528--5533},
  year={2000},
  publisher={National Acad Sciences}
}
@article{gennis1987cytochromes,
  title={The cytochromes of Escherichia coli},
  author={Gennis, Robert B},
  journal={FEMS Microbiology reviews},
  volume={3},
  number={4},
  pages={387--399},
  year={1987},
  publisher={Blackwell Publishing Ltd Oxford, UK}
}
@article{gonccalves2018extracellular,
  title={Extracellular vesicles and vesicle-free secretome of the protozoa Acanthamoeba castellanii under homeostasis and nutritional stress and their damaging potential to host cells},
  author={Gon{\c{c}}alves, Diego de Souza and Ferreira, Marina da Silva and Liedke, Susie Coutinho and Gomes, Kamilla Xavier and de Oliveira, Gabriel Afonso and Le{\~a}o, Pedro Ernesto Lopes and Cesar, Gabriele Vargas and Seabra, Sergio H and Cortines, Juliana Reis and Casadevall, Arturo and others},
  journal={Virulence},
  volume={9},
  number={1},
  pages={818--836},
  year={2018},
  publisher={Taylor \& Francis}
}
@article{lorence1984effects,
  title={Effects of pH and detergent on the kinetic and electrochemical properties of the purified cytochrome d terminal oxidase complex of Escherichia coli},
  author={Lorence, Robert M and Miller, Michael J and Borochov, Amihud and Faiman-Weinberg, Rosalind and Gennis, Robert B},
  journal={Biochimica et Biophysica Acta (BBA)-Protein Structure and Molecular Enzymology},
  volume={790},
  number={2},
  pages={148--153},
  year={1984},
  publisher={Elsevier}
}
@article{min2005electricity,
  title={Electricity generation using membrane and salt bridge microbial fuel cells},
  author={Min, Booki and Cheng, Shaoan and Logan, Bruce E},
  journal={Water research},
  volume={39},
  number={9},
  pages={1675--1686},
  year={2005},
  publisher={Elsevier}
}
@article{rhieu2009direct,
  title={Direct electrochemistry of cytochrome P450 27B1 in surfactant films},
  author={Rhieu, Steve Y and Ludwig, Daniel R and Siu, Vince S and Palmore, G Tayhas R},
  journal={Electrochemistry communications},
  volume={11},
  number={10},
  pages={1857--1860},
  year={2009},
  publisher={Elsevier}
}
@article{schramski2015metabolic,
  title={Metabolic theory predicts whole-ecosystem properties},
  author={Schramski, John R and Dell, Anthony I and Grady, John M and Sibly, Richard M and Brown, James H},
  journal={Proceedings of the National Academy of Sciences},
  volume={112},
  number={8},
  pages={2617--2622},
  year={2015},
  publisher={National Acad Sciences}
}
@article{usharani2012spirulina,
  title={Spirulina cultivation: a review},
  author={Usharani, G and Saranraj, P and Kanchana, D},
  journal={Int J Pharm Biol Arch},
  volume={3},
  number={6},
  year={2012}
}
@article{wright1981acanthamoeba,
  title={Acanthamoeba castellanii, a predator of cyanobacteria},
  author={Wright, SJL and Redhead, K and MAUDSLEY, HELEN},
  journal={Microbiology},
  volume={125},
  number={2},
  pages={293--300},
  year={1981},
  publisher={Microbiology Society}
}
