@article{markou2014microalgal,
  title={Microalgal and cyanobacterial cultivation: the supply of nutrients},
  author={Markou, Giorgos and Vandamme, Dries and Muylaert, Koenraad},
  journal={Water research},
  volume={65},
  pages={186--202},
  year={2014},
  publisher={Elsevier}
}
@article{wesselink2019feeding,
  title={Feeding mitochondria: potential role of nutritional components to improve critical illness convalescence},
  author={Wesselink, E and Koekkoek, WAC and Grefte, S and Witkamp, RF and van Zanten, ARH},
  journal={Clinical Nutrition},
  volume={38},
  number={3},
  pages={982--995},
  year={2019},
  publisher={Elsevier}
}
@article{wright1981acanthamoeba,
  title={Acanthamoeba castellanii, a predator of cyanobacteria},
  author={Wright, SJL and Redhead, K and MAUDSLEY, HELEN},
  journal={Microbiology},
  volume={125},
  number={2},
  pages={293--300},
  year={1981},
  publisher={Microbiology Society}
}
@article{gonccalves2018extracellular,
  title={Extracellular vesicles and vesicle-free secretome of the protozoa Acanthamoeba castellanii under homeostasis and nutritional stress and their damaging potential to host cells},
  author={Gon{\c{c}}alves, Diego de Souza and Ferreira, Marina da Silva and Liedke, Susie Coutinho and Gomes, Kamilla Xavier and de Oliveira, Gabriel Afonso and Le{\~a}o, Pedro Ernesto Lopes and Cesar, Gabriele Vargas and Seabra, Sergio H and Cortines, Juliana Reis and Casadevall, Arturo and others},
  journal={Virulence},
  volume={9},
  number={1},
  pages={818--836},
  year={2018},
  publisher={Taylor \& Francis}
}
@article{neff1957purification,
  title={Purification, axenic cultivation, and description of a soil amoeba, Acanthamoeba sp.},
  author={Neff, Robert J},
  journal={The Journal of Protozoology},
  volume={4},
  number={3},
  pages={176--182},
  year={1957},
  publisher={Wiley Online Library}
}
@article{duarte2009microbial,
  title={Microbial decomposer communities are mainly structured by trophic status in circumneutral and alkaline streams},
  author={Duarte, Sofia and Pascoal, Cl{\'a}udia and Garab{\'e}tian, Fr{\'e}d{\'e}ric and C{\'a}ssio, Fernanda and Charcosset, Jean-Yves},
  journal={Appl. Environ. Microbiol.},
  volume={75},
  number={19},
  pages={6211--6221},
  year={2009},
  publisher={Am Soc Microbiol}
}
@article{haei2011effects,
  title={Effects of soil frost on growth, composition and respiration of the soil microbial decomposer community},
  author={Haei, Mahsa and Rousk, Johannes and Ilstedt, Ulrik and {\"O}quist, Mats and B{\aa}{\aa}th, Erland and Laudon, Hjalmar},
  journal={Soil Biology and Biochemistry},
  volume={43},
  number={10},
  pages={2069--2077},
  year={2011},
  publisher={Elsevier}
}
@article{loreau2001microbial,
  title={Microbial diversity, producer--decomposer interactions and ecosystem processes: a theoretical model},
  author={Loreau, Michel},
  journal={Proceedings of the Royal Society of London. Series B: Biological Sciences},
  volume={268},
  number={1464},
  pages={303--309},
  year={2001},
  publisher={The Royal Society}
}
@article{mooshammer2014stoichiometric,
  title={Stoichiometric imbalances between terrestrial decomposer communities and their resources: mechanisms and implications of microbial adaptations to their resources},
  author={Mooshammer, Maria and Wanek, Wolfgang and Zechmeister-Boltenstern, Sophie and Richter, Andreas Anatol},
  journal={Frontiers in microbiology},
  volume={5},
  pages={22},
  year={2014},
  publisher={Frontiers}
}
@article{schuur2015climate,
  title={Climate change and the permafrost carbon feedback},
  author={Schuur, Edward AG and McGuire, A David and Sch{\"a}del, C and Grosse, Guido and Harden, JW and Hayes, Daniel J and Hugelius, Gustaf and Koven, Charles D and Kuhry, Peter and Lawrence, David M and others},
  journal={Nature},
  volume={520},
  number={7546},
  pages={171--179},
  year={2015},
  publisher={Nature Publishing Group}
}
@article{yang2008progress,
  title={Progress in carbon dioxide separation and capture: A review},
  author={Yang, Hongqun and Xu, Zhenghe and Fan, Maohong and Gupta, Rajender and Slimane, Rachid B and Bland, Alan E and Wright, Ian},
  journal={Journal of environmental sciences},
  volume={20},
  number={1},
  pages={14--27},
  year={2008},
  publisher={Elsevier}
}
@Inbook{Wang2013,
author="Wang, Rui-Sheng",
editor="Dubitzky, Werner
and Wolkenhauer, Olaf
and Cho, Kwang-Hyun
and Yokota, Hiroki",
title="Ordinary Differential Equation (ODE), Model",
bookTitle="Encyclopedia of Systems Biology",
year="2013",
publisher="Springer New York",
address="New York, NY",
pages="1606--1608",
isbn="978-1-4419-9863-7",
doi="10.1007/978-1-4419-9863-7_381",
url="https://doi.org/10.1007/978-1-4419-9863-7_381"
}
