@article{markou2014microalgal,
  title={Microalgal and cyanobacterial cultivation: the supply of nutrients},
  author={Markou, Giorgos and Vandamme, Dries and Muylaert, Koenraad},
  journal={Water research},
  volume={65},
  pages={186--202},
  year={2014},
  publisher={Elsevier}
}
@article{neff1957purification,
  title={Purification, axenic cultivation, and description of a soil amoeba, Acanthamoeba sp.},
  author={Neff, Robert J},
  journal={The Journal of Protozoology},
  volume={4},
  number={3},
  pages={176--182},
  year={1957},
  publisher={Wiley Online Library}
}
@article{duarte2009microbial,
  title={Microbial decomposer communities are mainly structured by trophic status in circumneutral and alkaline streams},
  author={Duarte, Sofia and Pascoal, Cl{\'a}udia and Garab{\'e}tian, Fr{\'e}d{\'e}ric and C{\'a}ssio, Fernanda and Charcosset, Jean-Yves},
  journal={Appl. Environ. Microbiol.},
  volume={75},
  number={19},
  pages={6211--6221},
  year={2009},
  publisher={Am Soc Microbiol}
}
@article{mooshammer2014stoichiometric,
  title={Stoichiometric imbalances between terrestrial decomposer communities and their resources: mechanisms and implications of microbial adaptations to their resources},
  author={Mooshammer, Maria and Wanek, Wolfgang and Zechmeister-Boltenstern, Sophie and Richter, Andreas Anatol},
  journal={Frontiers in microbiology},
  volume={5},
  pages={22},
  year={2014},
  publisher={Frontiers}
}
@article{schuur2015climate,
  title={Climate change and the permafrost carbon feedback},
  author={Schuur, Edward AG and McGuire, A David and Sch{\"a}del, C and Grosse, Guido and Harden, JW and Hayes, Daniel J and Hugelius, Gustaf and Koven, Charles D and Kuhry, Peter and Lawrence, David M and others},
  journal={Nature},
  volume={520},
  number={7546},
  pages={171--179},
  year={2015},
  publisher={Nature Publishing Group}
}
@article{yang2008progress,
  title={Progress in carbon dioxide separation and capture: A review},
  author={Yang, Hongqun and Xu, Zhenghe and Fan, Maohong and Gupta, Rajender and Slimane, Rachid B and Bland, Alan E and Wright, Ian},
  journal={Journal of environmental sciences},
  volume={20},
  number={1},
  pages={14--27},
  year={2008},
  publisher={Elsevier}
}
