@article{markou2014microalgal,
  title={Microalgal and cyanobacterial cultivation: the supply of nutrients},
  author={Markou, Giorgos and Vandamme, Dries and Muylaert, Koenraad},
  journal={Water research},
  volume={65},
  pages={186--202},
  year={2014},
  publisher={Elsevier}
}
@article{schuur2015climate,
  title={Climate change and the permafrost carbon feedback},
  author={Schuur, Edward AG and McGuire, A David and Sch{\"a}del, C and Grosse, Guido and Harden, JW and Hayes, Daniel J and Hugelius, Gustaf and Koven, Charles D and Kuhry, Peter and Lawrence, David M and others},
  journal={Nature},
  volume={520},
  number={7546},
  pages={171--179},
  year={2015},
  publisher={Nature Publishing Group}
}
@article{sawa2017electricity,
  title={Electricity generation from digitally printed cyanobacteria},
  author={Sawa, Marin and Fantuzzi, Andrea and Bombelli, Paolo and Howe, Christopher J and Hellgardt, Klaus and Nixon, Peter J},
  journal={Nature communications},
  volume={8},
  number={1},
  pages={1327},
  year={2017},
  publisher={Nature Publishing Group}
}
@article{joshi2018bacterial,
  title={Bacterial Nanobionics via 3D printing},
  author={Joshi, Sudeep and Cook, Ellexis and Mannoor, Manu S},
  journal={Nano letters},
  volume={18},
  number={12},
  pages={7448--7456},
  year={2018},
  publisher={ACS Publications}
}
@article{giraldo2014plant,
  title={Plant nanobionics approach to augment photosynthesis and biochemical sensing},
  author={Giraldo, Juan Pablo and Landry, Markita P and Faltermeier, Sean M and McNicholas, Thomas P and Iverson, Nicole M and Boghossian, Ardemis A and Reuel, Nigel F and Hilmer, Andrew J and Sen, Fatih and Brew, Jacqueline A and others},
  journal={Nature materials},
  volume={13},
  number={4},
  pages={400},
  year={2014},
  publisher={Nature Publishing Group}
}
@article{nurnberg2018photochemistry,
  title={Photochemistry beyond the red limit in chlorophyll f--containing photosystems},
  author={N{\"u}rnberg, Dennis J and Morton, Jennifer and Santabarbara, Stefano and Telfer, Alison and Joliot, Pierre and Antonaru, Laura A and Ruban, Alexander V and Cardona, Tanai and Krausz, Elmars and Boussac, Alain and others},
  journal={Science},
  volume={360},
  number={6394},
  pages={1210--1213},
  year={2018},
  publisher={American Association for the Advancement of Science}
}
@article{baque2013boss,
  title={The BOSS and BIOMEX space experiments on the EXPOSE-R2 mission: Endurance of the desert cyanobacterium Chroococcidiopsis under simulated space vacuum, Martian atmosphere, UVC radiation and temperature extremes.},
  author={Baqu{\'e}, Mickael and de Vera, Jean-Pierre and Rettberg, Petra and Billi, Daniela},
  journal={Acta Astronautica},
  volume={91},
  pages={180--186},
  year={2013},
  publisher={Elsevier}
}
@article{senthuran1997lactic,
  title={Lactic acid fermentation in a recycle batch reactor using immobilized Lactobacillus casei},
  author={Senthuran, A and Senthuran, V and Mattiasson, Bo and Kaul, Rajni},
  journal={Biotechnology and bioengineering},
  volume={55},
  number={6},
  pages={841--853},
  year={1997},
  publisher={Wiley Online Library}
}
@book{GPCI2019_summary,
  title={Global Power City Index 2019},
  author={Ichikawa, Hiroo},
  address={Tokyo},
  editor={Yamato, Norio and Matsuda, Mariko and Dustan, Peter and Hamada, Yuko and Isogaya, Haruko and Asano, Naoko and Suzuki, Kenji},
  publisher={The Mori Memorial Foundation Institute for Urban Strategies},
  pages={32},
  url={http://mori-m-foundation.or.jp/english/ius2/gpci2/index.shtml},
  year={2019}
}
