@book{GPCI2019_summary,
  title={Global Power City Index 2019},
  author={Ichikawa, Hiroo},
  address={Tokyo},
  editor={Yamato, Norio and Matsuda, Mariko and Dustan, Peter and Hamada, Yuko and Isogaya, Haruko and Asano, Naoko and Suzuki, Kenji}, 
  publisher={The Mori Memorial Foundation Institute for Urban Strategies},
  pages={32},
  url={http://mori-m-foundation.or.jp/english/ius2/gpci2/index.shtml},
  year={2019}
}
@article{amin2012interactions,
  title={Interactions between diatoms and bacteria},
  author={Amin, Shady A and Parker, Micaela S and Armbrust, E Virginia},
  journal={Microbiol. Mol. Biol. Rev.},
  volume={76},
  number={3},
  pages={667--684},
  year={2012},
  publisher={Am Soc Microbiol}
}
@article{andersen1980growth,
  title={Are growth rates of Escherichia coli in batch cultures limited by respiration?},
  author={Andersen, Klaus B and von Meyenburg, Kaspar},
  journal={Journal of bacteriology},
  volume={144},
  number={1},
  pages={114--123},
  year={1980},
  publisher={Am Soc Microbiol}
}
@article{anderson2015empower,
  title={EMPOWER-1.0: an efficient model of planktonic ecosystems written in R},
  author={Anderson, TR and Gentleman, WC and Yool, A},
  journal={Geoscientific Model Development},
  volume={8},
  number={7},
  pages={2231--2262},
  year={2015}
}
@article{baque2013boss,
  title={The BOSS and BIOMEX space experiments on the EXPOSE-R2 mission: Endurance of the desert cyanobacterium Chroococcidiopsis under simulated space vacuum, Martian atmosphere, UVC radiation and temperature extremes.},
  author={Baqu{\'e}, Mickael and de Vera, Jean-Pierre and Rettberg, Petra and Billi, Daniela},
  journal={Acta Astronautica},
  volume={91},
  pages={180--186},
  year={2013},
  publisher={Elsevier}
}
@article{beliaev2014inference,
  title={Inference of interactions in cyanobacterial--heterotrophic co-cultures via transcriptome sequencing},
  author={Beliaev, Alexander S and Romine, Margie F and Serres, Margrethe and Bernstein, Hans C and Linggi, Bryan E and Markillie, Lye M and Isern, Nancy G and Chrisler, William B and Kucek, Leo A and Hill, Eric A and others},
  journal={The ISME journal},
  volume={8},
  number={11},
  pages={2243--2255},
  year={2014},
  publisher={Nature Publishing Group}
}
@article{bezanson2012julia,
  title={Julia: A fast dynamic language for technical computing},
  author={Bezanson, Jeff and Karpinski, Stefan and Shah, Viral B and Edelman, Alan},
  journal={arXiv preprint arXiv:1209.5145},
  year={2012}
}
@article{billi1998method,
  title={A method for DNA extraction from the desert cyanobacterium Chroococcidiopsis and its application to identification of ftsZ},
  author={Billi, Daniela and Caiola, Maria Grilli and Paolozzi, Luciano and Ghelardini, Patrizia},
  journal={Appl. Environ. Microbiol.},
  volume={64},
  number={10},
  pages={4053--4056},
  year={1998},
  publisher={Am Soc Microbiol}
}
@article{bratbak1985phytoplankton,
  title={Phytoplankton-bacteria interactions: an apparent paradox? Analysis of a model system with both competition and commensalism.},
  author={Bratbak, G and Thingstad, TF},
  journal={Marine ecology progress series. Oldendorf},
  volume={25},
  number={1},
  pages={23--30},
  year={1985}
}
@article{brotas1990oxygen,
  title={Oxygen profiles in intertidal sediments of Ria Formosa (S. Portugal)},
  author={Brotas, Vanda and Amorim-Ferreira, Ana and Vale, Carlos and Catarino, Fernando},
  journal={Hydrobiologia},
  volume={207},
  number={1},
  pages={123--130},
  year={1990},
  publisher={Springer}
}
@article{calleja2019dissolved,
  title={Dissolved organic carbon contribution to oxygen respiration in the central Red Sea},
  author={Calleja, Maria Ll and Al-Otaibi, Najwa and Mor{\'a}n, Xos{\'e} Anxelu G},
  journal={Scientific reports},
  volume={9},
  number={1},
  pages={1--12},
  year={2019},
  publisher={Nature Publishing Group}
}
@article{cole1982interactions,
  title={Interactions between bacteria and algae in aquatic ecosystems},
  author={Cole, Jonathan J},
  journal={Annual Review of Ecology and Systematics},
  volume={13},
  number={1},
  pages={291--314},
  year={1982},
  publisher={Annual Reviews Inc.}
}
@article{currie1990large,
  title={Large-scale variability and interactions among phytoplankton, bacterioplankton, and phosphorus},
  author={Currie, David J},
  journal={Limnology and Oceanography},
  volume={35},
  number={7},
  pages={1437--1455},
  year={1990},
  publisher={Wiley Online Library}
}
@article{danger2007bacteria,
  title={Bacteria can control stoichiometry and nutrient limitation of phytoplankton},
  author={Danger, Micha{\"e}l and Oumarou, Catherine and Benest, Danielle and Lacroix, G{\'e}rard},
  journal={Functional Ecology},
  volume={21},
  number={2},
  pages={202--210},
  year={2007},
  publisher={Wiley Online Library}
}
@article{de2007biofixation,
  title={Biofixation of carbon dioxide by Spirulina sp. and Scenedesmus obliquus cultivated in a three-stage serial tubular photobioreactor},
  author={De Morais, Michele Greque and Costa, Jorge Alberto Vieira},
  journal={Journal of biotechnology},
  volume={129},
  number={3},
  pages={439--445},
  year={2007},
  publisher={Elsevier}
}
@article{de2010phytoplankton,
  title={Phytoplankton-bacteria coupling under elevated CO 2 levels: a stable isotope labelling study},
  author={De Kluijver, A and Soetaert, K and Schulz, Kai G and Riebesell, Ulf and Bellerby, RGJ and Middelburg, JJ},
  journal={Biogeosciences (BG)},
  volume={7},
  number={11},
  pages={3783--3797},
  year={2010},
  publisher={Copernicus Publications}
}
@article{duarte2009microbial,
  title={Microbial decomposer communities are mainly structured by trophic status in circumneutral and alkaline streams},
  author={Duarte, Sofia and Pascoal, Cl{\'a}udia and Garab{\'e}tian, Fr{\'e}d{\'e}ric and C{\'a}ssio, Fernanda and Charcosset, Jean-Yves},
  journal={Appl. Environ. Microbiol.},
  volume={75},
  number={19},
  pages={6211--6221},
  year={2009},
  publisher={Am Soc Microbiol}
}
@book{dubitzky2013encyclopedia,
  title={Encyclopedia of systems biology},
  author={Dubitzky, Werner and Wolkenhauer, Olaf and Yokota, Hiroki and Cho, Kwang-Hyun},
  year={2013},
  publisher={Springer Publishing Company, Incorporated}
}
@article{durham2017recognition,
  title={Recognition cascade and metabolite transfer in a marine bacteria-phytoplankton model system},
  author={Durham, Bryndan P and Dearth, Stephen P and Sharma, Shalabh and Amin, Shady A and Smith, Christa B and Campagna, Shawn R and Armbrust, E Virginia and Moran, Mary Ann},
  journal={Environmental microbiology},
  volume={19},
  number={9},
  pages={3500--3513},
  year={2017},
  publisher={Wiley Online Library}
}
@article{edwards2000escherichia,
  title={The Escherichia coli MG1655 in silico metabolic genotype: its definition, characteristics, and capabilities},
  author={Edwards, JS and Palsson, BO},
  journal={Proceedings of the National Academy of Sciences},
  volume={97},
  number={10},
  pages={5528--5533},
  year={2000},
  publisher={National Acad Sciences}
}
@article{ferguson2000electricity,
  title={Electricity use and economic development},
  author={Ferguson, Ross and Wilkinson, William and Hill, Robert},
  journal={Energy policy},
  volume={28},
  number={13},
  pages={923--934},
  year={2000},
  publisher={Elsevier}
}
@article{garcia2018role,
  title={Role of carbon allocation efficiency in the temperature dependence of autotroph growth rates},
  author={Garc{\'\i}a-Carreras, Bernardo and Sal, Sof{\'\i}a and Padfield, Daniel and Kontopoulos, Dimitrios-Georgios and Bestion, Elvire and Schaum, C-Elisa and Yvon-Durocher, Gabriel and Pawar, Samr{\=a}t},
  journal={Proceedings of the National Academy of Sciences},
  volume={115},
  number={31},
  pages={E7361--E7368},
  year={2018},
  publisher={National Acad Sciences}
}
@article{gennis1987cytochromes,
  title={The cytochromes of Escherichia coli},
  author={Gennis, Robert B},
  journal={FEMS Microbiology reviews},
  volume={3},
  number={4},
  pages={387--399},
  year={1987},
  publisher={Blackwell Publishing Ltd Oxford, UK}
}
@article{giraldo2014plant,
  title={Plant nanobionics approach to augment photosynthesis and biochemical sensing},
  author={Giraldo, Juan Pablo and Landry, Markita P and Faltermeier, Sean M and McNicholas, Thomas P and Iverson, Nicole M and Boghossian, Ardemis A and Reuel, Nigel F and Hilmer, Andrew J and Sen, Fatih and Brew, Jacqueline A and others},
  journal={Nature materials},
  volume={13},
  number={4},
  pages={400--408},
  year={2014},
  publisher={Nature Publishing Group}
}
@article{gonccalves2018extracellular,
  title={Extracellular vesicles and vesicle-free secretome of the protozoa Acanthamoeba castellanii under homeostasis and nutritional stress and their damaging potential to host cells},
  author={Gon{\c{c}}alves, Diego de Souza and Ferreira, Marina da Silva and Liedke, Susie Coutinho and Gomes, Kamilla Xavier and de Oliveira, Gabriel Afonso and Le{\~a}o, Pedro Ernesto Lopes and Cesar, Gabriele Vargas and Seabra, Sergio H and Cortines, Juliana Reis and Casadevall, Arturo and others},
  journal={Virulence},
  volume={9},
  number={1},
  pages={818--836},
  year={2018},
  publisher={Taylor \& Francis}
}
@article{gong2017dynamics,
  title={Dynamics of bacterial abundance and the related environmental factors in large shallow eutrophic Lake Taihu},
  author={Gong, Yi and Tang, Xiangming and Shao, Keqiang and Hu, Yang and Gao, Guang},
  journal={Journal of Freshwater Ecology},
  volume={32},
  number={1},
  pages={133--145},
  year={2017},
  publisher={Taylor \& Francis}
}
@article{haei2011effects,
  title={Effects of soil frost on growth, composition and respiration of the soil microbial decomposer community},
  author={Haei, Mahsa and Rousk, Johannes and Ilstedt, Ulrik and {\"O}quist, Mats and B{\aa}{\aa}th, Erland and Laudon, Hjalmar},
  journal={Soil Biology and Biochemistry},
  volume={43},
  number={10},
  pages={2069--2077},
  year={2011},
  publisher={Elsevier}
}
@article{harcombe2014metabolic,
  title={Metabolic resource allocation in individual microbes determines ecosystem interactions and spatial dynamics},
  author={Harcombe, William R and Riehl, William J and Dukovski, Ilija and Granger, Brian R and Betts, Alex and Lang, Alex H and Bonilla, Gracia and Kar, Amrita and Leiby, Nicholas and Mehta, Pankaj and others},
  journal={Cell reports},
  volume={7},
  number={4},
  pages={1104--1115},
  year={2014},
  publisher={Elsevier}
}
@article{j1989respiration,
  title={Respiration and microalgal growth: a review of the quantitative relationship between dark respiration and growth},
  author={J. GEIDER, RICHARD and Osborne, Bruce A},
  journal={New phytologist},
  volume={112},
  number={3},
  pages={327--341},
  year={1989},
  publisher={Wiley Online Library}
}
@article{jones1986release,
  title={The release of micro-algal photosynthate and associated bacterial uptake and heterotrophic growth},
  author={Jones, Alvin K and Cannon, Robert C},
  journal={British Phycological Journal},
  volume={21},
  number={4},
  pages={341--358},
  year={1986},
  publisher={Taylor \& Francis}
}
@article{joshi2018bacterial,
  title={Bacterial Nanobionics via 3D printing},
  author={Joshi, Sudeep and Cook, Ellexis and Mannoor, Manu S},
  journal={Nano letters},
  volume={18},
  number={12},
  pages={7448--7456},
  year={2018},
  publisher={ACS Publications}
}
@article{kidston2013phytoplankton,
  title={Phytoplankton growth in the Australian sector of the Southern Ocean, examined by optimising ecosystem model parameters},
  author={Kidston, Mehera and Matear, Richard and Baird, Mark E},
  journal={Journal of Marine Systems},
  volume={128},
  pages={123--137},
  year={2013},
  publisher={Elsevier}
}
@article{lax2019higher,
  title={Higher Temperatures Generically Favor Slower-Growing Bacterial Species in Multispecies Communities},
  author={Lax, Simon and Abreu, Clare I and Gore, Jeff},
  journal={BioRxiv},
  pages={689380},
  year={2019},
  publisher={Cold Spring Harbor Laboratory}
}
@article{li2013experimental,
  title={An experimental study of microbial fuel cells for electricity generating: performance characterization and capacity improvement},
  author={Li, Jessica and others},
  journal={Journal of Sustainable Bioenergy Systems},
  volume={3},
  number={03},
  pages={171},
  year={2013},
  publisher={Scientific Research Publishing}
}
@article{light2018flavin,
  title={A flavin-based extracellular electron transfer mechanism in diverse Gram-positive bacteria},
  author={Light, Samuel H and Su, Lin and Rivera-Lugo, Rafael and Cornejo, Jose A and Louie, Alexander and Iavarone, Anthony T and Ajo-Franklin, Caroline M and Portnoy, Daniel A},
  journal={Nature},
  volume={562},
  number={7725},
  pages={140--144},
  year={2018},
  publisher={Nature Publishing Group}
}
@article{loreau2001microbial,
  title={Microbial diversity, producer--decomposer interactions and ecosystem processes: a theoretical model},
  author={Loreau, Michel},
  journal={Proceedings of the Royal Society of London. Series B: Biological Sciences},
  volume={268},
  number={1464},
  pages={303--309},
  year={2001},
  publisher={The Royal Society}
}
@article{lorence1984effects,
  title={Effects of pH and detergent on the kinetic and electrochemical properties of the purified cytochrome d terminal oxidase complex of Escherichia coli},
  author={Lorence, Robert M and Miller, Michael J and Borochov, Amihud and Faiman-Weinberg, Rosalind and Gennis, Robert B},
  journal={Biochimica et Biophysica Acta (BBA)-Protein Structure and Molecular Enzymology},
  volume={790},
  number={2},
  pages={148--153},
  year={1984},
  publisher={Elsevier}
}
@article{markou2014microalgal,
  title={Microalgal and cyanobacterial cultivation: the supply of nutrients},
  author={Markou, Giorgos and Vandamme, Dries and Muylaert, Koenraad},
  journal={Water research},
  volume={65},
  pages={186--202},
  year={2014},
  publisher={Elsevier}
}
@article{marr1991growth,
  title={Growth rate of Escherichia coli.},
  author={Marr, Allen G},
  journal={Microbiology and Molecular Biology Reviews},
  volume={55},
  number={2},
  pages={316--333},
  year={1991},
  publisher={Am Soc Microbiol}
}
@article{marsland2019available,
  title={Available energy fluxes drive a transition in the diversity, stability, and functional structure of microbial communities},
  author={Marsland III, Robert and Cui, Wenping and Goldford, Joshua and Sanchez, Alvaro and Korolev, Kirill and Mehta, Pankaj},
  journal={PLoS computational biology},
  volume={15},
  number={2},
  pages={e1006793},
  year={2019},
  publisher={Public Library of Science}
}
@article{mccormick2015biophotovoltaics,
  title={Biophotovoltaics: oxygenic photosynthetic organisms in the world of bioelectrochemical systems},
  author={McCormick, Alistair J and Bombelli, Paolo and Bradley, Robert W and Thorne, Rebecca and Wenzel, Tobias and Howe, Christopher J},
  journal={Energy \& Environmental Science},
  volume={8},
  number={4},
  pages={1092--1109},
  year={2015},
  publisher={The Royal Society of Chemistry}
}
@article{min2005electricity,
  title={Electricity generation using membrane and salt bridge microbial fuel cells},
  author={Min, Booki and Cheng, Shaoan and Logan, Bruce E},
  journal={Water research},
  volume={39},
  number={9},
  pages={1675--1686},
  year={2005},
  publisher={Elsevier}
}
@article{mooshammer2014stoichiometric,
  title={Stoichiometric imbalances between terrestrial decomposer communities and their resources: mechanisms and implications of microbial adaptations to their resources},
  author={Mooshammer, Maria and Wanek, Wolfgang and Zechmeister-Boltenstern, Sophie and Richter, Andreas Anatol},
  journal={Frontiers in microbiology},
  volume={5},
  pages={22},
  year={2014},
  publisher={Frontiers}
}
@article{neff1957purification,
  title={Purification, axenic cultivation, and description of a soil amoeba, Acanthamoeba sp.},
  author={Neff, Robert J},
  journal={The Journal of Protozoology},
  volume={4},
  number={3},
  pages={176--182},
  year={1957},
  publisher={Wiley Online Library}
}
@article{nurnberg2018photochemistry,
  title={Photochemistry beyond the red limit in chlorophyll f--containing photosystems},
  author={N{\"u}rnberg, Dennis J and Morton, Jennifer and Santabarbara, Stefano and Telfer, Alison and Joliot, Pierre and Antonaru, Laura A and Ruban, Alexander V and Cardona, Tanai and Krausz, Elmars and Boussac, Alain and others},
  journal={Science},
  volume={360},
  number={6394},
  pages={1210--1213},
  year={2018},
  publisher={American Association for the Advancement of Science}
}
@article{quevreux2020interplay,
  title={Interplay between the paradox of enrichment and nutrient cycling in food webs},
  author={Qu{\'e}vreux, Pierre and Barot, S{\'e}bastien and Th{\'e}bault, {\'E}lisa},
  journal={bioRxiv},
  pages={276592},
  year={2020},
  publisher={Cold Spring Harbor Laboratory}
}
@article{randolph2008hyperspectral,
  title={Hyperspectral remote sensing of cyanobacteria in turbid productive water using optically active pigments, chlorophyll a and phycocyanin},
  author={Randolph, Kaylan and Wilson, Jeff and Tedesco, Lenore and Li, Lin and Pascual, D Lani and Soyeux, Emmanuel},
  journal={Remote Sensing of Environment},
  volume={112},
  number={11},
  pages={4009--4019},
  year={2008},
  publisher={Elsevier}
}
@article{reguera2005extracellular,
  title={Extracellular electron transfer via microbial nanowires},
  author={Reguera, Gemma and McCarthy, Kevin D and Mehta, Teena and Nicoll, Julie S and Tuominen, Mark T and Lovley, Derek R},
  journal={Nature},
  volume={435},
  number={7045},
  pages={1098--1101},
  year={2005},
  publisher={Nature Publishing Group}
}
@article{rhieu2009direct,
  title={Direct electrochemistry of cytochrome P450 27B1 in surfactant films},
  author={Rhieu, Steve Y and Ludwig, Daniel R and Siu, Vince S and Palmore, G Tayhas R},
  journal={Electrochemistry communications},
  volume={11},
  number={10},
  pages={1857--1860},
  year={2009},
  publisher={Elsevier}
}
@article{sahoo2012geographical,
  title={Geographical variation in antibiotic-resistant Escherichia coli isolates from stool, cow-dung and drinking water},
  author={Sahoo, Krushna Chandra and Tamhankar, Ashok J and Sahoo, Soumyakanta and Sahu, Priyadarshi Soumyaranjan and Klintz, Senia Rosales and Lundborg, Cecilia St{\aa}lsby},
  journal={International journal of environmental research and public health},
  volume={9},
  number={3},
  pages={746--759},
  year={2012},
  publisher={Molecular Diversity Preservation International}
}
@article{sanders1992relationships,
  title={Relationships between bacteria and heterotrophic nanoplankton in marine and fresh waters: an inter-ecosystem comparison},
  author={Sanders, Robert W and Caron, David A and Berninger, Ulrike-G},
  journal={Marine ecology progress series},
  pages={1--14},
  year={1992},
  publisher={JSTOR}
}
@article{sawa2017electricity,
  title={Electricity generation from digitally printed cyanobacteria},
  author={Sawa, Marin and Fantuzzi, Andrea and Bombelli, Paolo and Howe, Christopher J and Hellgardt, Klaus and Nixon, Peter J},
  journal={Nature communications},
  volume={8},
  number={1},
  pages={1--10},
  year={2017},
  publisher={Nature Publishing Group}
}
@article{schramski2015metabolic,
  title={Metabolic theory predicts whole-ecosystem properties},
  author={Schramski, John R and Dell, Anthony I and Grady, John M and Sibly, Richard M and Brown, James H},
  journal={Proceedings of the National Academy of Sciences},
  volume={112},
  number={8},
  pages={2617--2622},
  year={2015},
  publisher={National Acad Sciences}
}
@article{schuur2015climate,
  title={Climate change and the permafrost carbon feedback},
  author={Schuur, Edward AG and McGuire, A David and Sch{\"a}del, C and Grosse, Guido and Harden, JW and Hayes, Daniel J and Hugelius, Gustaf and Koven, Charles D and Kuhry, Peter and Lawrence, David M and others},
  journal={Nature},
  volume={520},
  number={7546},
  pages={171--179},
  year={2015},
  publisher={Nature Publishing Group}
}
@article{senthuran1997lactic,
  title={Lactic acid fermentation in a recycle batch reactor using immobilized Lactobacillus casei},
  author={Senthuran, A and Senthuran, V and Mattiasson, Bo and Kaul, Rajni},
  journal={Biotechnology and bioengineering},
  volume={55},
  number={6},
  pages={841--853},
  year={1997},
  publisher={Wiley Online Library}
}
@article{smith2019community,
  title={Community-level respiration of prokaryotic microbes may rise with global warming},
  author={Smith, Thomas P and Thomas, Thomas JH and Garc{\'\i}a-Carreras, Bernardo and Sal, Sof{\'\i}a and Yvon-Durocher, Gabriel and Bell, Thomas and Pawar, Samr{\=a}t},
  journal={Nature communications},
  volume={10},
  number={1},
  pages={1--11},
  year={2019},
  publisher={Nature Publishing Group}
}
@article{songera2012electricity,
  title={Electricity Generation in Microbial Fuel Cell by the Decomposition of Organic Slurry by E-Coli},
  author={Songera, Durgesh S and Kabra, Akshay},
  journal={VSRD International Journal of Technical \& Non-Technical Research},
  volume={4},
  number={11},
  pages={245--250},
  year={2013},
  publisher={VSRD International Journals}
}
@article{stapor2018optimization,
  title={Optimization and profile calculation of ODE models using second order adjoint sensitivity analysis},
  author={Stapor, Paul and Fr{\"o}hlich, Fabian and Hasenauer, Jan},
  journal={Bioinformatics},
  volume={34},
  number={13},
  pages={i151--i159},
  year={2018},
  publisher={Oxford University Press}
}
@article{summers2013cultivation,
  title={Cultivation of an obligate Fe (II)-oxidizing lithoautotrophic bacterium using electrodes},
  author={Summers, Zarath M and Gralnick, Jeffrey A and Bond, Daniel R},
  journal={MBio},
  volume={4},
  number={1},
  pages={e00420--12},
  year={2013},
  publisher={Am Soc Microbiol}
}
@article{usharani2012spirulina,
  title={Spirulina cultivation: a review},
  author={Usharani, G and Saranraj, P and Kanchana, D},
  journal={Int J Pharm Biol Arch},
  volume={3},
  number={6},
  year={2012}
}
@article{wesselink2019feeding,
  title={Feeding mitochondria: potential role of nutritional components to improve critical illness convalescence},
  author={Wesselink, E and Koekkoek, WAC and Grefte, S and Witkamp, RF and van Zanten, ARH},
  journal={Clinical Nutrition},
  volume={38},
  number={3},
  pages={982--995},
  year={2019},
  publisher={Elsevier}
}
@article{wright1981acanthamoeba,
  title={Acanthamoeba castellanii, a predator of cyanobacteria},
  author={Wright, SJL and Redhead, K and MAUDSLEY, HELEN},
  journal={Microbiology},
  volume={125},
  number={2},
  pages={293--300},
  year={1981},
  publisher={Microbiology Society}
}
@article{xie2013microbial,
  title={Microbial battery for efficient energy recovery},
  author={Xie, Xing and Ye, Meng and Hsu, Po-Chun and Liu, Nian and Criddle, Craig S and Cui, Yi},
  journal={Proceedings of the National Academy of Sciences},
  volume={110},
  number={40},
  pages={15925--15930},
  year={2013},
  publisher={National Acad Sciences}
}
@article{yan2011quantification,
  title={Quantification of Intracellular 2-Oxoglutarate Levels in Escherichia coli: Overcoming Fluctuation and Leakage Problems},
  author={Yan, Dalai and Lenz, Peter and Hwa, Terence},
  journal={Applied and Environmental Microbiology},
  pages={AEM--05257},
  year={2011},
  publisher={Am Soc Microbiol}
}
@article{yang2008progress,
  title={Progress in carbon dioxide separation and capture: A review},
  author={Yang, Hongqun and Xu, Zhenghe and Fan, Maohong and Gupta, Rajender and Slimane, Rachid B and Bland, Alan E and Wright, Ian},
  journal={Journal of environmental sciences},
  volume={20},
  number={1},
  pages={14--27},
  year={2008},
  publisher={Elsevier}
}
@article{zavvrel2017phenotypic,
  title={Phenotypic characterization of Synechocystis sp. PCC 6803 substrains reveals differences in sensitivity to abiotic stress},
  author={Zav{\v{r}}el, Tom{\'a}{\v{s}} and O{\v{c}}en{\'a}{\v{s}}ov{\'a}, Petra and {\v{C}}erven{\`y}, Jan},
  journal={PloS one},
  volume={12},
  number={12},
  year={2017},
  publisher={Public Library of Science}
}
@article{zobell1962growth,
  title={Growth, reproduction, and death rates of Escherichia coli at increased hydrostatic pressures},
  author={Zobell, Claude E and Cobet, Andre B},
  journal={Journal of bacteriology},
  volume={84},
  number={6},
  pages={1228--1236},
  year={1962},
  publisher={Am Soc Microbiol}
}
