@incollection{SCHLESINGER2013341,
title = "Chapter 9 - The Oceans",
editor = "William H. Schlesinger and Emily S. Bernhardt",
booktitle = "Biogeochemistry (Third Edition)",
publisher = "Academic Press",
edition = "Third Edition",
address = "Boston",
pages = "341 - 395",
year = "2013",
isbn = "978-0-12-385874-0",
doi = "https://doi.org/10.1016/B978-0-12-385874-0.00009-1",
url = "http://www.sciencedirect.com/science/article/pii/B9780123858740000091",
author = "William H. Schlesinger and Emily S. Bernhardt"
}@article{abdussalam2020green,
  title={Green Chemistry: Principles, Applications, and Disadvantages},
  author={Abdussalam-Mohammed, Wanisa and Qasem Ali, Amna and O Errayes, Asma},
  journal={Chemical Methodologies},
  volume={4},
  number={4},
  pages={408--423},
  year={2020},
  publisher={Sami Publishing Company}
}

@article{allen2007recasting,
  title={Recasting the species-energy hypothesis: the different roles of kinetic and potential energy in regulating biodiversity},
  author={Allen, Andrew P and Gillooly, James F and Brown, James H and others},
  journal={Scaling biodiversity},
  volume={1},
  year={2007},
  publisher={Cambridge University Press Cambridge, UK}
}
@article{amin2012interactions,
  title={Interactions between diatoms and bacteria},
  author={Amin, Shady A and Parker, Micaela S and Armbrust, E Virginia},
  journal={Microbiol. Mol. Biol. Rev.},
  volume={76},
  number={3},
  pages={667--684},
  year={2012},
  publisher={Am Soc Microbiol}
}
@article{amon1996bacterial,
  title={Bacterial utilization of different size classes of dissolved organic matter},
  author={Amon, Rainer MW and Benner, Ronald},
  journal={Limnology and Oceanography},
  volume={41},
  number={1},
  pages={41--51},
  year={1996},
  publisher={Wiley Online Library}
}
@article{anderson1998modelling,
  title={Modelling the seasonal cycle of dissolved organic carbon at Station E1in the English Channel},
  author={Anderson, TR and Williams, PJ le B},
  journal={Estuarine, Coastal and Shelf Science},
  volume={46},
  number={1},
  pages={93--109},
  year={1998},
  publisher={Elsevier}
}
@article{anderson2015empower,
  title={EMPOWER-1.0: an efficient model of planktonic ecosystems written in R},
  author={Anderson, TR and Gentleman, WC and Yool, A},
  journal={Geoscientific Model Development},
  volume={8},
  number={7},
  pages={2231--2262},
  year={2015}
}
@article{aytekin2016statistical,
  title={The statistical optimization of bacterial cellulose production via semi-continuous operation mode},
  author={Aytekin, Ali {\"O}zhan and Demirba{\u{g}}, Deniz Dilan and Bayrakdar, Tu{\u{g}}{\c{c}}e},
  journal={Journal of Industrial and Engineering Chemistry},
  volume={37},
  pages={243--250},
  year={2016},
  publisher={Elsevier}
}

@article{bala2011albedo,
  title={Albedo enhancement of marine clouds to counteract global warming: impacts on the hydrological cycle},
  author={Bala, Govindasamy and Caldeira, Ken and Nemani, Rama and Cao, Long and Ban-Weiss, George and Shin, Ho-Jeong},
  journal={Climate Dynamics},
  volume={37},
  number={5-6},
  pages={915--931},
  year={2011},
  publisher={Springer}
}

@article{batten2014did,
  title={Did the iron fertilization near Haida Gwaii in 2012 affect the pelagic lower trophic level ecosystem?},
  author={Batten, Sonia D and Gower, James FR},
  journal={Journal of plankton research},
  volume={36},
  number={4},
  pages={925--932},
  year={2014},
  publisher={Oxford University Press}
}

@article{beliaev2014inference,
  title={Inference of interactions in cyanobacterial--heterotrophic co-cultures via transcriptome sequencing},
  author={Beliaev, Alexander S and Romine, Margie F and Serres, Margrethe and Bernstein, Hans C and Linggi, Bryan E and Markillie, Lye M and Isern, Nancy G and Chrisler, William B and Kucek, Leo A and Hill, Eric A and others},
  journal={The ISME journal},
  volume={8},
  number={11},
  pages={2243--2255},
  year={2014},
  publisher={Nature Publishing Group}
}
@article{bernhardt2018metabolic,
  title={Metabolic theory and the temperature-size rule explain the temperature dependence of population carrying capacity},
  author={Bernhardt, Joey R and Sunday, Jennifer M and Oâ€™Connor, Mary I},
  journal={The American Naturalist},
  volume={192},
  number={6},
  pages={687--697},
  year={2018},
  publisher={University of Chicago Press Chicago, IL}
}
@article{boettcher2019high,
  title={High level review of a wide range of proposed marine geoengineering techniques},
  author={Boettcher, Miranda and Chai, Fei and Cullen, John and Goeschl, Timo and Lampitt, Richard and Lenton, Andrew and Oschlies, Andreas and Rau, Greg and Rickaby, Ros and Ricke, Kate and others},
  year={2019},
  publisher={GESAMP}
}

@article{boyd2008implications,
  title={Implications of large-scale iron fertilization of the oceans: Introduction and synthesis},
  author={Boyd, Philip W},
  journal={Marine Ecology Progress Series},
  volume={364},
  pages={213--218},
  year={2008}
}

@article{boyd2008ranking,
  title={Ranking geo-engineering schemes},
  author={Boyd, Philip W},
  journal={Nature Geoscience},
  volume={1},
  number={11},
  pages={722--724},
  year={2008},
  publisher={Nature Publishing Group}
}

@article{boyd2016development,
  title={Development of geopolitically relevant ranking criteria for geoengineering methods},
  author={Boyd, Philip W},
  journal={Earth's Future},
  volume={4},
  number={11},
  pages={523--531},
  year={2016},
  publisher={Wiley Online Library}
}

@article{bratbak1985phytoplankton,
  title={Phytoplankton-bacteria interactions: an apparent paradox? Analysis of a model system with both competition and commensalism.},
  author={Bratbak, G and Thingstad, TF},
  journal={Marine ecology progress series. Oldendorf},
  volume={25},
  number={1},
  pages={23--30},
  year={1985}
}
@misc{broecker2007co2,
  title={CO2 arithmetic},
  author={Broecker, Wallace S},
  year={2007},
  publisher={American Association for the Advancement of Science}
}

@article{chung2011using,
  title={Using marine macroalgae for carbon sequestration: a critical appraisal},
  author={Chung, Ik Kyo and Beardall, John and Mehta, Smita and Sahoo, Dinabandhu and Stojkovic, Slobodanka},
  journal={Journal of applied phycology},
  volume={23},
  number={5},
  pages={877--886},
  year={2011},
  publisher={Springer}
}

@article{cochran1988estimation,
  title={An estimation of microbial death rate and limitations of N or C during wheat straw decomposition},
  author={Cochran, VL and Horton, KA and Cole, CV},
  journal={Soil biology and biochemistry},
  volume={20},
  number={3},
  pages={293--298},
  year={1988},
  publisher={Elsevier}
}
@article{danger2007bacteria,
  title={Bacteria can control stoichiometry and nutrient limitation of phytoplankton},
  author={Danger, Micha{\"e}l and Oumarou, Catherine and Benest, Danielle and Lacroix, G{\'e}rard},
  journal={Functional Ecology},
  volume={21},
  number={2},
  pages={202--210},
  year={2007},
  publisher={Wiley Online Library}
}
@article{dash2013marine,
  title={Marine bacteria: potential candidates for enhanced bioremediation},
  author={Dash, Hirak R and Mangwani, Neelam and Chakraborty, Jaya and Kumari, Supriya and Das, Surajit},
  journal={Applied microbiology and biotechnology},
  volume={97},
  number={2},
  pages={561--571},
  year={2013},
  publisher={Springer}
}

@article{dass2018grasslands,
  title={Grasslands may be more reliable carbon sinks than forests in California},
  author={Dass, Pawlok and Houlton, Benjamin Z and Wang, Yingping and Warlind, David},
  journal={Environmental Research Letters},
  volume={13},
  number={7},
  pages={074027},
  year={2018},
  publisher={IOP Publishing}
}
@article{de2007biofixation,
  title={Biofixation of carbon dioxide by Spirulina sp. and Scenedesmus obliquus cultivated in a three-stage serial tubular photobioreactor},
  author={De Morais, Michele Greque and Costa, Jorge Alberto Vieira},
  journal={Journal of biotechnology},
  volume={129},
  number={3},
  pages={439--445},
  year={2007},
  publisher={Elsevier}
}
@article{della2013thermal,
  title={The thermal dependence of biological traits},
  author={Dell, Anthony I and Pawar, Samraat and Savage, Van M},
  journal={landscape},
  volume={36},
  pages={37},
  year={2013}
}
@article{duarte2017can,
  title={Can seaweed farming play a role in climate change mitigation and adaptation?},
  author={Duarte, Carlos M and Wu, Jiaping and Xiao, Xi and Bruhn, Annette and Krause-Jensen, Dorte},
  journal={Frontiers in Marine Science},
  volume={4},
  pages={100},
  year={2017},
  publisher={Frontiers}
}

@article{evans1985model,
  title={A model of annual plankton cycles},
  author={Evans, Geoffrey T and Parslow, John S},
  journal={Biological oceanography},
  volume={3},
  number={3},
  pages={327--347},
  year={1985},
  publisher={Taylor \& Francis}
}
@online{evanson_2019,
		title={World's first 'BioSolar Leaf' to tackle air pollution in White City},
		url={https://www.imperial.ac.uk/news/191026/worlds-first-biosolar-leaf-tackle-pollution/},
		journal={Imperial News},
		publisher={Imperial College London},
		author={Evanson, Deborah},
		year={2019},
		month={4},
		urldate={2020-04-20}
}
@article{farrelly2013carbon,
  title={Carbon sequestration and the role of biological carbon mitigation: a review},
  author={Farrelly, Damien J and Everard, Colm D and Fagan, Colette C and McDonnell, Kevin P},
  journal={Renewable and sustainable energy reviews},
  volume={21},
  pages={712--727},
  year={2013},
  publisher={Elsevier}
}
@article{fasham1990nitrogen,
  title={A nitrogen-based model of plankton dynamics in the oceanic mixed layer},
  author={Fasham, Michael JR and Ducklow, Hugh W and McKelvie, Stuart M},
  journal={Journal of Marine Research},
  volume={48},
  number={3},
  pages={591--639},
  year={1990},
  publisher={Sears Foundation for Marine Research}
}
@article{fasham1995use,
  title={The use of optimization techniques to model marine ecosystem dynamics at the JGOFS station at 47 N 20 W},
  author={Fasham, Michael John Robert and Evans, GT},
  journal={Philosophical Transactions of the Royal Society of London. Series B: Biological Sciences},
  volume={348},
  number={1324},
  pages={203--209},
  year={1995},
  publisher={The Royal Society London}
}
@article{fennel2001testing,
  title={Testing a marine ecosystem model: sensitivity analysis and parameter optimization},
  author={Fennel, Katja and Losch, Martin and Schr{\"o}ter, Jens and Wenzel, Manfred},
  journal={Journal of Marine Systems},
  volume={28},
  number={1-2},
  pages={45--63},
  year={2001},
  publisher={Elsevier}
}
@article{ferguson2000electricity,
  title={Electricity use and economic development},
  author={Ferguson, Ross and Wilkinson, William and Hill, Robert},
  journal={Energy policy},
  volume={28},
  number={13},
  pages={923--934},
  year={2000},
  publisher={Elsevier}
}
@article{findlay2006modelling,
  title={Modelling of autumn plankton bloom dynamics},
  author={Findlay, Helen S and Yool, Andrew and Nodale, Marianna and Pitchford, Jonathan W},
  journal={Journal of plankton research},
  volume={28},
  number={2},
  pages={209--220},
  year={2006},
  publisher={Oxford University Press}
}
@article{frost1987grazing,
  title={Grazing control of phytoplankton stock in the open subarctic Pacific Ocean: a model assessing the role of mesozooplankton, particularly the large calanoid copepods Neocalanus spp.},
  author={Frost, BW},
  journal={Marine ecology progress series. Oldendorf},
  volume={39},
  number={1},
  pages={49--68},
  year={1987}
}
@article{gattuso2018ocean,
  title={Ocean solutions to address climate change and its effects on marine ecosystems},
  author={Gattuso, Jean-Pierre and Magnan, Alexandre K and Bopp, Laurent and Cheung, William WL and Duarte, Carlos M and Hinkel, Jochen and Mcleod, Elizabeth and Micheli, Fiorenza and Oschlies, Andreas and Williamson, Phillip and others},
  journal={Frontiers in Marine Science},
  volume={5},
  pages={337},
  year={2018},
  publisher={Frontiers}
}

@article{gnanadesikan2008export,
  title={Export is not enough: nutrient cycling and carbon sequestration},
  author={Gnanadesikan, Anand and Marinov, Irina},
  journal={Marine Ecology Progress Series},
  volume={364},
  pages={289--294},
  year={2008}
}

@article{gunnarsson2018rapid,
  title={The rapid and cost-effective capture and subsurface mineral storage of carbon and sulfur at the CarbFix2 site},
  author={Gunnarsson, Ingvi and Arad{\'o}ttir, Edda S and Oelkers, Eric H and Clark, Deirdre E and Arnarson, Magn{\'u}s {\TH}{\'o}r and Sigf{\'u}sson, Bergur and Sn{\ae}bj{\"o}rnsd{\'o}ttir, Sandra {\'O} and Matter, Juerg M and Stute, Martin and J{\'u}l{\'\i}usson, Bjarni M and others},
  journal={International Journal of Greenhouse Gas Control},
  volume={79},
  pages={117--126},
  year={2018},
  publisher={Elsevier}
}

@article{hemmings2004split,
  title={Split-domain calibration of an ecosystem model using satellite ocean colour data},
  author={Hemmings, John CP and Srokosz, Meric A and Challenor, Peter and Fasham, Michael JR},
  journal={Journal of Marine Systems},
  volume={50},
  number={3-4},
  pages={141--179},
  year={2004},
  publisher={Elsevier}
}
@article{huang2012industrial,
  title={Industrial production of recombinant therapeutics in Escherichia coli and its recent advancements},
  author={Huang, Chung-Jr and Lin, Henry and Yang, Xiaoming},
  journal={Journal of industrial microbiology \& biotechnology},
  volume={39},
  number={3},
  pages={383--399},
  year={2012},
  publisher={Springer}
}

@article{hurtt1996pelagic,
  title={A pelagic ecosystem model calibrated with BATS data},
  author={Hurtt, George C and Armstrong, Robert A},
  journal={Deep Sea Research Part II: Topical Studies in Oceanography},
  volume={43},
  number={2-3},
  pages={653--683},
  year={1996},
  publisher={Elsevier}
}
@article{ito2002simulation,
  title={A simulation model of the carbon cycle in land ecosystems (Sim-CYCLE): a description based on dry-matter production theory and plot-scale validation},
  author={Ito, Akihiko and Oikawa, Takehisa},
  journal={Ecological Modelling},
  volume={151},
  number={2-3},
  pages={143--176},
  year={2002},
  publisher={Elsevier}
}
@article{j1989respiration,
  title={Respiration and microalgal growth: a review of the quantitative relationship between dark respiration and growth},
  author={Geider, Richard J and Osborne, Bruce A},
  journal={New phytologist},
  volume={112},
  number={3},
  pages={327--341},
  year={1989},
  publisher={Wiley Online Library}
}
@article{johannessen2016geoengineering,
  title={Geoengineering with seagrasses: is credit due where credit is given?},
  author={Johannessen, Sophia C and Macdonald, Robie W},
  journal={Environmental Research Letters},
  volume={11},
  number={11},
  pages={113001},
  year={2016},
  publisher={IOP Publishing}
}

@article{jones2009climate,
  title={Climate impacts of geoengineering marine stratocumulus clouds},
  author={Jones, Andy and Haywood, Jim and Boucher, Olivier},
  journal={Journal of Geophysical Research: Atmospheres},
  volume={114},
  number={D10},
  year={2009},
  publisher={Wiley Online Library}
}

@article{kamishiro2009public,
  title={Public acceptance of the oceanic carbon sequestration},
  author={Kamishiro, Norihiro and Sato, Toru},
  journal={Marine Policy},
  volume={33},
  number={3},
  pages={466--471},
  year={2009},
  publisher={Elsevier}
}

@article{kidston2013phytoplankton,
  title={Phytoplankton growth in the Australian sector of the Southern Ocean, examined by optimising ecosystem model parameters},
  author={Kidston, Mehera and Matear, Richard and Baird, Mark E},
  journal={Journal of Marine Systems},
  volume={128},
  pages={123--137},
  year={2013},
  publisher={Elsevier}
}
@article{krause2016substantial,
  title={Substantial role of macroalgae in marine carbon sequestration},
  author={Krause-Jensen, Dorte and Duarte, Carlos M},
  journal={Nature Geoscience},
  volume={9},
  number={10},
  pages={737--742},
  year={2016},
  publisher={Nature Publishing Group}
}

@article{kwiatkowski2015atmospheric,
  title={Atmospheric consequences of disruption of the ocean thermocline},
  author={Kwiatkowski, Lester and Ricke, Katharine L and Caldeira, Ken},
  journal={Environmental Research Letters},
  volume={10},
  number={3},
  pages={034016},
  year={2015},
  publisher={IOP Publishing}
}

@article{latham2008global,
  title={Global temperature stabilization via controlled albedo enhancement of low-level maritime clouds},
  author={Latham, John and Rasch, Philip and Chen, Chih-Chieh and Kettles, Laura and Gadian, Alan and Gettelman, Andrew and Morrison, Hugh and Bower, Keith and Choularton, Tom},
  journal={Philosophical Transactions of the Royal Society A: Mathematical, Physical and Engineering Sciences},
  volume={366},
  number={1882},
  pages={3969--3987},
  year={2008},
  publisher={The Royal Society London}
}

@article{lauvset2017climate,
  title={Climate engineering and the ocean: effects on biogeochemistry and primary production},
  author={Lauvset, Siv Kari and Tjiputra, Jerry and Muri, Helene {\O}stlie},
  journal={Biogeochemistry},
  volume={14},
  pages={5675--5691},
  year={2017},
  publisher={Springer Netherlands}
}

@article{lawrence2014efficiency,
  title={Efficiency of carbon sequestration by added reactive nitrogen in ocean fertilisation},
  author={Lawrence, Martin W},
  journal={International Journal of Global Warming},
  volume={6},
  number={1},
  pages={15--33},
  year={2014},
  publisher={Inderscience Publishers Ltd}
}

@article{lenton2019foresight,
  title={Foresight must guide geoengineering research and development},
  author={Lenton, Andrew and Boyd, Philip W and Thatcher, Marcus and Emmerson, Kathryn M},
  journal={Nature Climate Change},
  volume={9},
  number={5},
  pages={342--342},
  year={2019},
  publisher={Nature Publishing Group}
}

@article{llebot2010role,
  title={The role of inorganic nutrients and dissolved organic phosphorus in the phytoplankton dynamics of a Mediterranean bay: a modeling study},
  author={Llebot, Clara and Spitz, Yvette H and Sol{\'e}, Jordi and Estrada, Marta},
  journal={Journal of Marine Systems},
  volume={83},
  number={3-4},
  pages={192--209},
  year={2010},
  publisher={Elsevier}
}
@article{lovelock2007ocean,
  title={Ocean pipes could help the Earth to cure itself},
  author={Lovelock, James E and Rapley, Chris G},
  journal={Nature},
  volume={449},
  number={7161},
  pages={403--403},
  year={2007},
  publisher={Nature Publishing Group}
}

@article{markou2014microalgal,
  title={Microalgal and cyanobacterial cultivation: the supply of nutrients},
  author={Markou, Giorgos and Vandamme, Dries and Muylaert, Koenraad},
  journal={Water research},
  volume={65},
  pages={186--202},
  year={2014},
  publisher={Elsevier}
}
@article{martinopoulos2020rooftop,
  title={Are rooftop photovoltaic systems a sustainable solution for Europe? A life cycle impact assessment and cost analysis},
  author={Martinopoulos, Georgios},
  journal={Applied Energy},
  volume={257},
  pages={114035},
  year={2020},
  publisher={Elsevier}
}

@article{matassa2016autotrophic,
  title={Autotrophic nitrogen assimilation and carbon capture for microbial protein production by a novel enrichment of hydrogen-oxidizing bacteria},
  author={Matassa, Silvio and Verstraete, Willy and Pikaar, Ilje and Boon, Nico},
  journal={Water research},
  volume={101},
  pages={137--146},
  year={2016},
  publisher={Elsevier}
}

@article{matear1995parameter,
  title={Parameter optimization and analysis of ecosystem models using simulated annealing: a case study at Station P},
  author={Matear, Richard J},
  journal={Journal of Marine Research},
  volume={53},
  number={4},
  pages={571--607},
  year={1995},
  publisher={Sears Foundation for Marine Research}
}
@article{mcclellan2012cost,
  title={Cost analysis of stratospheric albedo modification delivery systems},
  author={McClellan, Justin and Keith, David W and Apt, Jay},
  journal={Environmental Research Letters},
  volume={7},
  number={3},
  pages={034019},
  year={2012},
  publisher={IOP Publishing}
}

@article{mitra2007accounting,
  title={Accounting for grazing dynamics in nitrogen-phytoplankton-zooplankton (NPZ) models},
  author={Mitra, Aditee and Flynn, Kevin J and Fasham, Michael JR},
  journal={Limnology and Oceanography},
  volume={52},
  number={2},
  pages={649--661},
  year={2007},
  publisher={Wiley Online Library}
}
@article{mitra2009closure,
  title={Are closure terms appropriate or necessary descriptors of zooplankton loss in nutrient--phytoplankton--zooplankton type models?},
  author={Mitra, Aditee},
  journal={Ecological Modelling},
  volume={220},
  number={5},
  pages={611--620},
  year={2009},
  publisher={Elsevier}
}
@article{mohamed2020bioelectricity,
  title={Bioelectricity production from kitchen wastewater using microbial fuel cell with photosynthetic algal cathode},
  author={Mohamed, Samsudeen Naina and Hiraman, Pohekar Ajit and Muthukumar, K and Jayabalan, Tamilmani},
  journal={Bioresource Technology},
  volume={295},
  pages={122226},
  year={2020},
  publisher={Elsevier}
}
@article{moniruzzaman1996ethanol,
  title={Ethanol production from AFEX pretreated corn fiber by recombinant bacteria},
  author={Moniruzzaman, Mohammed and Dien, Bruce S and Ferrer, Betzabe and Hespell, Robert B and Dale, Bruce E and Ingram, Lonnie O and Bothast, Rodney J},
  journal={Biotechnology letters},
  volume={18},
  number={8},
  pages={985--990},
  year={1996},
  publisher={Springer}
}

@article{muri2015tropical,
  title={Tropical rainforest response to marine sky brightening climate engineering},
  author={Muri, Helene and Niemeier, Ulrike and Kristj{\'a}nsson, J{\'o}n Egill},
  journal={Geophysical Research Letters},
  volume={42},
  number={8},
  pages={2951--2960},
  year={2015},
  publisher={Wiley Online Library}
}

@article{naik2013lead,
  title={Lead resistant bacteria: lead resistance mechanisms, their applications in lead bioremediation and biomonitoring},
  author={Naik, Milind Mohan and Dubey, Santosh Kumar},
  journal={Ecotoxicology and Environmental Safety},
  volume={98},
  pages={1--7},
  year={2013},
  publisher={Elsevier}
}

@article{natvik2001weak,
  title={A weak constraint inverse for a zero-dimensional marine ecosystem model},
  author={Natvik, L-J and Eknes, M and Evensen, G},
  journal={Journal of Marine Systems},
  volume={28},
  number={1-2},
  pages={19--44},
  year={2001},
  publisher={Elsevier}
}
@article{neethu2018enhancement,
  title={Enhancement of bioelectricity generation and algal productivity in microbial carbon-capture cell using low cost coconut shell as membrane separator},
  author={Neethu, B and Bhowmick, GD and Ghangrekar, MM},
  journal={Biochemical Engineering Journal},
  volume={133},
  pages={205--213},
  year={2018},
  publisher={Elsevier}
}
@article{notz2016observed,
  title={Observed Arctic sea-ice loss directly follows anthropogenic CO2 emission},
  author={Notz, Dirk and Stroeve, Julienne},
  journal={Science},
  volume={354},
  number={6313},
  pages={747--750},
  year={2016},
  publisher={American Association for the Advancement of Science}
}
@article{o2017unexpected,
  title={Unexpected changes in community size structure in a natural warming experiment},
  author={Oâ€™Gorman, Eoin J and Zhao, Lei and Pichler, Doris E and Adams, Georgina and Friberg, Nikolai and Rall, Bj{\"o}rn C and Seeney, Alex and Zhang, Huayong and Reuman, Daniel C and Woodward, Guy},
  journal={Nature Climate Change},
  volume={7},
  number={9},
  pages={659--663},
  year={2017},
  publisher={Nature Publishing Group}
}
@article{onitsuka2005differences,
  title={Differences in ecosystem dynamics between the northern and southern parts of the Japan Sea: Analyses with two ecosystem models},
  author={Onitsuka, Goh and Yanagi, Tetsuo},
  journal={Journal of oceanography},
  volume={61},
  number={3},
  pages={415--433},
  year={2005},
  publisher={Springer}
}
@article{oschlies2010side,
  title={Side effects and accounting aspects of hypothetical large-scale Southern Ocean iron fertilization},
  author={Oschlies, Andreas and Koeve, Wolfgang and Rickels, Wilfried and Rehdanz, Katrin},
  journal={Biogeosciences (BG)},
  volume={7},
  number={12},
  pages={4017--4035},
  year={2010},
  publisher={Copernicus Publications}
}

@article{oschlies2017indicators,
  title={Indicators and metrics for the assessment of climate engineering},
  author={Oschlies, Andreas and Held, H and Keller, D and Keller, K and Mengis, Nadine and Quaas, Martin and Rickels, Wilfried and Schmidt, Hauke},
  journal={Earth's Future},
  volume={5},
  number={1},
  pages={49--58},
  year={2017},
  publisher={Wiley Online Library}
}

@article{pandit2012microbial,
  title={Microbial carbon capture cell using cyanobacteria for simultaneous power generation, carbon dioxide sequestration and wastewater treatment},
  author={Pandit, Soumya and Nayak, Bikram Kumar and Das, Debabrata},
  journal={Bioresource technology},
  volume={107},
  pages={97--102},
  year={2012},
  publisher={Elsevier}
}
@article{park2020potential,
  title={The potential impact of bacterial communities exposed to crude oil and light on the growth of the harmful algal blooming species Karenia brevis (Dinophyceae)},
  author={Park, Bum Soo and Buskey, Edward J},
  journal={Marine and Freshwater Research},
  year={2020},
  publisher={CSIRO}
}

@article{popova1997chaotic,
  title={Chaotic behaviour of an ocean ecosystem model under seasonal external forcing},
  author={Popova, EE and Fasham, MJR and Osipov, AV and Ryabchenko, VA},
  journal={Journal of Plankton Research},
  volume={19},
  number={10},
  pages={1495--1515},
  year={1997},
  publisher={Oxford University Press}
}
@article{regaudie2012temperature,
  title={Temperature dependence of planktonic metabolism in the ocean},
  author={Regaudie-de-Gioux, Aurore and Duarte, Carlos M},
  journal={Global Biogeochemical Cycles},
  volume={26},
  number={1},
  year={2012},
  publisher={Wiley Online Library}
}
@article{ridgwell2011geographical,
  title={Geographical variations in the effectiveness and side effects of deep ocean carbon sequestration},
  author={Ridgwell, Andy and Rodengen, Thomas J and Kohfeld, Karen E},
  journal={Geophysical research letters},
  volume={38},
  number={17},
  year={2011},
  publisher={Wiley Online Library}
}

@article{robertson2017cellulosic,
  title={Cellulosic biofuel contributions to a sustainable energy future: Choices and outcomes},
  author={Robertson, G Philip and Hamilton, Stephen K and Barham, Bradford L and Dale, Bruce E and Izaurralde, R Cesar and Jackson, Randall D and Landis, Douglas A and Swinton, Scott M and Thelen, Kurt D and Tiedje, James M},
  journal={Science},
  volume={356},
  number={6345},
  year={2017},
  publisher={American Association for the Advancement of Science}
}

@article{robinson1993simulated,
  title={Simulated annual plankton production in the northeastern Pacific Coastal Upwelling Domain},
  author={Robinson, Clifford LK and Ware, Daniel M and Parsons, Timothy R},
  journal={Journal of plankton research},
  volume={15},
  number={2},
  pages={161--183},
  year={1993},
  publisher={Oxford University Press}
}
@inproceedings{salter200920,
  title={A 20 GW Thermal 300-metre 3/sec Wave-energised, Surge-mode Nutrient-pump for Removing Atmospheric Carbon dioxide, Increasing Fish Stocks and Suppressing Hurricanes.},
  author={Salter, SH},
  booktitle={Proceedings of the 8th European Wave and Tidal Energy Conference, Uppsala, Sweden},
  year={2009}
}

@article{samejima1958heterotrophic,
  title={On the heterotrophic growth of Chlorella pyrenoidosa},
  author={Samejima, H and Myers, J},
  journal={Microbiology},
  volume={18},
  number={1},
  pages={107--117},
  year={1958},
  publisher={Microbiology Society}
}
@inproceedings{sant2014offshore,
  title={Offshore floating wind turbine-driven deep sea water pumping for combined electrical power and district cooling},
  author={Sant, T and Buhagiar, D and Farrugia, RN},
  booktitle={Journal of Physics Conference Series},
  volume={524},
  number={1},
  pages={012074},
  year={2014}
}

@article{savage2004effects,
  title={Effects of body size and temperature on population growth},
  author={Savage, Van M and Gillooly, James F and Brown, James H and West, Geoffrey B and Charnov, Eric L},
  journal={The American Naturalist},
  volume={163},
  number={3},
  pages={429--441},
  year={2004},
  publisher={The University of Chicago Press}
}
@article{schartau2001parameter,
  title={Parameter estimates of a zero-dimensional ecosystem model applying the adjoint method},
  author={Schartau, Markus and Oschlies, Andreas and Willebrand, J{\"u}rgen},
  journal={Deep Sea Research Part II: Topical Studies in Oceanography},
  volume={48},
  number={8-9},
  pages={1769--1800},
  year={2001},
  publisher={Elsevier}
}
@article{schuur2015climate,
  title={Climate change and the permafrost carbon feedback},
  author={Schuur, Edward AG and McGuire, A David and Sch{\"a}del, C and Grosse, Guido and Harden, JW and Hayes, Daniel J and Hugelius, Gustaf and Koven, Charles D and Kuhry, Peter and Lawrence, David M and others},
  journal={Nature},
  volume={520},
  number={7546},
  pages={171--179},
  year={2015},
  publisher={Nature Publishing Group}
}
@article{sharp2017robust,
  title={Robust, high-productivity phototrophic carbon capture at high pH and alkalinity using natural microbial communities},
  author={Sharp, Christine E and Urschel, Sydney and Dong, Xiaoli and Brady, Allyson L and Slater, Greg F and Strous, Marc},
  journal={Biotechnology for Biofuels},
  volume={10},
  number={1},
  pages={1--13},
  year={2017},
  publisher={BioMed Central}
}

@article{songera2012electricity,
  title={Electricity Generation in Microbial Fuel Cell by the Decomposition of Organic Slurry by E-Coli},
  author={Songera, Durgesh S and Kabra, Akshay},
  journal={VSRD International Journal of Technical \& Non-Technical Research},
  volume={4},
  number={11},
  pages={245--250},
  year={2013},
  publisher={VSRD International Journals}
}
@article{spitz1998data,
  title={Data assimilation and a pelagic ecosystem model: parameterization using time series observations},
  author={Spitz, YH and Moisan, JR and Abbott, MR and Richman, JG},
  journal={Journal of Marine Systems},
  volume={16},
  number={1-2},
  pages={51--68},
  year={1998},
  publisher={Elsevier}
}
@article{spitz2001configuring,
  title={Configuring an ecosystem model using data from the Bermuda Atlantic Time Series (BATS)},
  author={Spitz, YH and Moisan, JR and Abbott, MR},
  journal={Deep Sea Research Part II: Topical Studies in Oceanography},
  volume={48},
  number={8-9},
  pages={1733--1768},
  year={2001},
  publisher={Elsevier}
}
@article{stephens2008assessing,
  title={Assessing geochemical carbon management},
  author={Stephens, Jennie C and Keith, David W},
  journal={Climatic Change},
  volume={90},
  number={3},
  pages={217},
  year={2008},
  publisher={Springer}
}

@article{stjern2018response,
  title={Response to marine cloud brightening in a multi-model ensemble},
  author={Stjern, Camilla W and Muri, Helene and Ahlm, Lars and Boucher, Olivier and Cole, Jason NS and Ji, Duoying and Jones, Andy and Haywood, Jim and Kravitz, Ben and Lenton, Andrew and others},
  journal={Atmospheric Chemistry and Physics},
  volume={18},
  pages={621--634},
  year={2018},
  publisher={European Geosciences Union}
}

@article{thiele2012microbial,
  title={Microbial community response during the iron fertilization experiment LOHAFEX},
  author={Thiele, Stefan and Fuchs, Bernhard M and Ramaiah, Nagappa and Amann, Rudolf},
  journal={Applied and environmental microbiology},
  volume={78},
  number={24},
  pages={8803--8812},
  year={2012},
  publisher={Am Soc Microbiol}
}

@article{trias2017high,
  title={High reactivity of deep biota under anthropogenic CO2 injection into basalt},
  author={Trias, Rosalia and M{\'e}nez, B{\'e}n{\'e}dicte and le Campion, Paul and Zivanovic, Yvan and Lecourt, L{\'e}na and Lecoeuvre, Aur{\'e}lien and Schmitt-Kopplin, Philippe and Uhl, Jenny and Gislason, Sigur{\dh}ur R and Alfre{\dh}sson, Helgi A and others},
  journal={Nature communications},
  volume={8},
  number={1},
  pages={1--14},
  year={2017},
  publisher={Nature Publishing Group}
}

@article{trick2010iron,
  title={Iron enrichment stimulates toxic diatom production in high-nitrate, low-chlorophyll areas},
  author={Trick, Charles G and Bill, Brian D and Cochlan, William P and Wells, Mark L and Trainer, Vera L and Pickell, Lisa D},
  journal={Proceedings of the National Academy of Sciences},
  volume={107},
  number={13},
  pages={5887--5892},
  year={2010},
  publisher={National Acad Sciences}
}

@incollection{trollope1984fire,
  title={Fire in savanna},
  author={Trollope, WSW},
  booktitle={Ecological effects of fire in South African ecosystems},
  pages={149--175},
  year={1984},
  publisher={Springer}
}

@article{van2017open,
  title={Open discussion of negative emissions is urgently needed},
  author={Van Vuuren, Detlef P and Hof, Andries F and Van Sluisveld, Mari{\"e}sse AE and Riahi, Keywan},
  journal={Nature energy},
  volume={2},
  number={12},
  pages={902},
  year={2017},
  publisher={Nature Publishing Group}
}

@article{varanasi2020improvement,
  title={Improvement of bioelectricity generation and microalgal productivity with concomitant wastewater treatment in flat-plate microbial carbon capture cell},
  author={Varanasi, Jhansi L and Prasad, Sanjay and Singh, Harshita and Das, Debabrata},
  journal={Fuel},
  volume={263},
  pages={116696},
  year={2020},
  publisher={Elsevier}
}
@article{vaughan2011review,
  title={A review of climate geoengineering proposals},
  author={Vaughan, Naomi E and Lenton, Timothy M},
  journal={Climatic change},
  volume={109},
  number={3-4},
  pages={745--790},
  year={2011},
  publisher={Springer}
}

@inproceedings{williamson2012impacts,
  title={Impacts of climate-related geoengineering on biological diversity},
  author={Williamson, Philip and Watson, Robert and Mace, Georgina and Artaxo, Paulo and Bodle, Ralph and Galaz, Victor and Parker, Andy and Santillo, David and Vivian, Chris and Cooper, David and others},
  booktitle={Part I of: Geoengineering in Relation to the Convention on Biological Diversity: Technical and Regulatory Matters. Technical Series},
  number={66},
  year={2012}
}

@article{williamson2016emissions,
  title={Emissions reduction: Scrutinize CO2 removal methods},
  author={Williamson, Phil},
  journal={Nature},
  volume={530},
  number={7589},
  pages={153--155},
  year={2016},
  publisher={Nature Publishing Group}
}

@article{xia2016stratospheric,
  title={Stratospheric sulfate geoengineering could enhance the terrestrial photosynthesis rate},
  author={Xia, L and Robock, Alan and Tilmes, S and Neely Iii, RR},
  journal={Atmospheric Chemistry and Physics (Online)},
  volume={16},
  number={3},
  year={2016},
  publisher={Rutgers Univ., New Brunswick, NJ (United States). Dept. of Environmental~â€¦}
}

@article{xiao1996relative,
  title={Relative role of changes in COâ‚‚ and climate to equilibrium responses of net primary production and carbon storage of the terrestrial biosphere},
  author={Xiao, Xiangming and Melillo, Jerry M and Kicklighter, David W and McGuire, A David and Stone, Peter H and Sokolov, Andrei P},
  year={1996},
  publisher={MIT Joint Program on the Science and Policy of Global Change}
}
@article{yang2008progress,
  title={Progress in carbon dioxide separation and capture: A review},
  author={Yang, Hongqun and Xu, Zhenghe and Fan, Maohong and Gupta, Rajender and Slimane, Rachid B and Bland, Alan E and Wright, Ian},
  journal={Journal of environmental sciences},
  volume={20},
  number={1},
  pages={14--27},
  year={2008},
  publisher={Elsevier}
}
