@article{allen2007recasting,
  title={Recasting the species-energy hypothesis: the different roles of kinetic and potential energy in regulating biodiversity},
  author={Allen, Andrew P and Gillooly, James F and Brown, James H and others},
  journal={Scaling biodiversity},
  volume={1},
  year={2007},
  publisher={Cambridge University Press Cambridge, UK}
}
