@article{allen2005linking,
  title={Linking the global carbon cycle to individual metabolism},
  author={Allen, AP and Gillooly, JF and Brown, JH},
  journal={Functional Ecology},
  volume={19},
  number={2},
  pages={202--213},
  year={2005},
  publisher={Wiley Online Library}
}
