@article{amin2012interactions,
  title={Interactions between diatoms and bacteria},
  author={Amin, Shady A and Parker, Micaela S and Armbrust, E Virginia},
  journal={Microbiol. Mol. Biol. Rev.},
  volume={76},
  number={3},
  pages={667--684},
  year={2012},
  publisher={Am Soc Microbiol}
}
