@article{amon1996bacterial,
  title={Bacterial utilization of different size classes of dissolved organic matter},
  author={Amon, Rainer MW and Benner, Ronald},
  journal={Limnology and Oceanography},
  volume={41},
  number={1},
  pages={41--51},
  year={1996},
  publisher={Wiley Online Library}
}
