@article{anderson2015empower,
  title={EMPOWER-1.0: an efficient model of planktonic ecosystems written in R},
  author={Anderson, TR and Gentleman, WC and Yool, A},
  journal={Geoscientific Model Development},
  volume={8},
  number={7},
  pages={2231--2262},
  year={2015}
}
