@article{anderson1998modelling,
  title={Modelling the seasonal cycle of dissolved organic carbon at Station E1in the English Channel},
  author={Anderson, TR and Williams, PJ le B},
  journal={Estuarine, Coastal and Shelf Science},
  volume={46},
  number={1},
  pages={93--109},
  year={1998},
  publisher={Elsevier}
}
