@article{andersen1980growth,
  title={Are growth rates of Escherichia coli in batch cultures limited by respiration?},
  author={Andersen, Klaus B and von Meyenburg, Kaspar},
  journal={Journal of bacteriology},
  volume={144},
  number={1},
  pages={114--123},
  year={1980},
  publisher={Am Soc Microbiol}
}
