@article{baque2013boss,
  title={The BOSS and BIOMEX space experiments on the EXPOSE-R2 mission: Endurance of the desert cyanobacterium Chroococcidiopsis under simulated space vacuum, Martian atmosphere, UVC radiation and temperature extremes.},
  author={Baqu{\'e}, Mickael and de Vera, Jean-Pierre and Rettberg, Petra and Billi, Daniela},
  journal={Acta Astronautica},
  volume={91},
  pages={180--186},
  year={2013},
  publisher={Elsevier}
}
