@article{beliaev2014inference,
  title={Inference of interactions in cyanobacterial--heterotrophic co-cultures via transcriptome sequencing},
  author={Beliaev, Alexander S and Romine, Margie F and Serres, Margrethe and Bernstein, Hans C and Linggi, Bryan E and Markillie, Lye M and Isern, Nancy G and Chrisler, William B and Kucek, Leo A and Hill, Eric A and others},
  journal={The ISME journal},
  volume={8},
  number={11},
  pages={2243--2255},
  year={2014},
  publisher={Nature Publishing Group}
}
