@article{billi1998method,
  title={A method for DNA extraction from the desert cyanobacterium Chroococcidiopsis and its application to identification of ftsZ},
  author={Billi, Daniela and Caiola, Maria Grilli and Paolozzi, Luciano and Ghelardini, Patrizia},
  journal={Appl. Environ. Microbiol.},
  volume={64},
  number={10},
  pages={4053--4056},
  year={1998},
  publisher={Am Soc Microbiol}
}
