@article{bratbak1985phytoplankton,
  title={Phytoplankton-bacteria interactions: an apparent paradox? Analysis of a model system with both competition and commensalism.},
  author={Bratbak, G and Thingstad, TF},
  journal={Marine ecology progress series. Oldendorf},
  volume={25},
  number={1},
  pages={23--30},
  year={1985}
}
