@article{brotas1990oxygen,
  title={Oxygen profiles in intertidal sediments of Ria Formosa (S. Portugal)},
  author={Brotas, Vanda and Amorim-Ferreira, Ana and Vale, Carlos and Catarino, Fernando},
  journal={Hydrobiologia},
  volume={207},
  number={1},
  pages={123--130},
  year={1990},
  publisher={Springer}
}
