@article{calleja2019dissolved,
  title={Dissolved organic carbon contribution to oxygen respiration in the central Red Sea},
  author={Calleja, Maria Ll and Al-Otaibi, Najwa and Mor{\'a}n, Xos{\'e} Anxelu G},
  journal={Scientific reports},
  volume={9},
  number={1},
  pages={1--12},
  year={2019},
  publisher={Nature Publishing Group}
}
