@article{chen2017there,
  title={Is there a difference of temperature sensitivity between marine phytoplankton and heterotrophs?},
  author={Chen, Bingzhang and Laws, Edward A},
  journal={Limnology and Oceanography},
  volume={62},
  number={2},
  pages={806--817},
  year={2017},
  publisher={Wiley Online Library}
}
