@article{chen2015responses,
  title={Responses of autotrophic and heterotrophic rates of plankton from a subtropical coastal site to short-term temperature modulations},
  author={Chen, Bingzhang and Liu, Kailin},
  journal={Marine Ecology Progress Series},
  volume={527},
  pages={59--71},
  year={2015}
}
