@article{cochran1988estimation,
  title={An estimation of microbial death rate and limitations of N or C during wheat straw decomposition},
  author={Cochran, VL and Horton, KA and Cole, CV},
  journal={Soil biology and biochemistry},
  volume={20},
  number={3},
  pages={293--298},
  year={1988},
  publisher={Elsevier}
}
