@article{cole1982interactions,
  title={Interactions between bacteria and algae in aquatic ecosystems},
  author={Cole, Jonathan J},
  journal={Annual Review of Ecology and Systematics},
  volume={13},
  number={1},
  pages={291--314},
  year={1982},
  publisher={Annual Reviews Inc.}
}
