@article{currie1990large,
  title={Large-scale variability and interactions among phytoplankton, bacterioplankton, and phosphorus},
  author={Currie, David J},
  journal={Limnology and Oceanography},
  volume={35},
  number={7},
  pages={1437--1455},
  year={1990},
  publisher={Wiley Online Library}
}
