@article{danger2007bacteria,
  title={Bacteria can control stoichiometry and nutrient limitation of phytoplankton},
  author={Danger, Micha{\"e}l and Oumarou, Catherine and Benest, Danielle and Lacroix, G{\'e}rard},
  journal={Functional Ecology},
  volume={21},
  number={2},
  pages={202--210},
  year={2007},
  publisher={Wiley Online Library}
}
