@article{dass2018grasslands,
  title={Grasslands may be more reliable carbon sinks than forests in California},
  author={Dass, Pawlok and Houlton, Benjamin Z and Wang, Yingping and Warlind, David},
  journal={Environmental Research Letters},
  volume={13},
  number={7},
  pages={074027},
  year={2018},
  publisher={IOP Publishing}
}
