@article{de2010phytoplankton,
  title={Phytoplankton-bacteria coupling under elevated CO 2 levels: a stable isotope labelling study},
  author={De Kluijver, A and Soetaert, K and Schulz, Kai G and Riebesell, Ulf and Bellerby, RGJ and Middelburg, JJ},
  journal={Biogeosciences (BG)},
  volume={7},
  number={11},
  pages={3783--3797},
  year={2010},
  publisher={Copernicus Publications}
}
