@article{de2008metabolism,
  title={The metabolism of lake plankton does not support the metabolic theory of ecology},
  author={De Castro, Francisco and Gaedke, Ursula},
  journal={Oikos},
  volume={117},
  number={8},
  pages={1218--1226},
  year={2008},
  publisher={Wiley Online Library}
}
