@article{de2007biofixation,
  title={Biofixation of carbon dioxide by Spirulina sp. and Scenedesmus obliquus cultivated in a three-stage serial tubular photobioreactor},
  author={De Morais, Michele Greque and Costa, Jorge Alberto Vieira},
  journal={Journal of biotechnology},
  volume={129},
  number={3},
  pages={439--445},
  year={2007},
  publisher={Elsevier}
}
