@article{della2013thermal,
  title={The thermal dependence of biological traits},
  author={Dell, Anthony I and Pawar, Samraat and Savage, Van M},
  journal={landscape},
  volume={36},
  pages={37},
  year={2013}
}
