@article{duarte2009microbial,
  title={Microbial decomposer communities are mainly structured by trophic status in circumneutral and alkaline streams},
  author={Duarte, Sofia and Pascoal, Cl{\'a}udia and Garab{\'e}tian, Fr{\'e}d{\'e}ric and C{\'a}ssio, Fernanda and Charcosset, Jean-Yves},
  journal={Appl. Environ. Microbiol.},
  volume={75},
  number={19},
  pages={6211--6221},
  year={2009},
  publisher={Am Soc Microbiol}
}
