@book{dubitzky2013encyclopedia,
  title={Encyclopedia of systems biology},
  author={Dubitzky, Werner and Wolkenhauer, Olaf and Yokota, Hiroki and Cho, Kwang-Hyun},
  year={2013},
  publisher={Springer Publishing Company, Incorporated}
}
