@article{dunlop2010model,
  title={A model for improving microbial biofuel production using a synthetic feedback loop},
  author={Dunlop, Mary J and Keasling, Jay D and Mukhopadhyay, Aindrila},
  journal={Systems and synthetic biology},
  volume={4},
  number={2},
  pages={95--104},
  year={2010},
  publisher={Springer}
}
