@article{durham2017recognition,
  title={Recognition cascade and metabolite transfer in a marine bacteria-phytoplankton model system},
  author={Durham, Bryndan P and Dearth, Stephen P and Sharma, Shalabh and Amin, Shady A and Smith, Christa B and Campagna, Shawn R and Armbrust, E Virginia and Moran, Mary Ann},
  journal={Environmental microbiology},
  volume={19},
  number={9},
  pages={3500--3513},
  year={2017},
  publisher={Wiley Online Library}
}
