@article{edwards2000escherichia,
  title={The Escherichia coli MG1655 in silico metabolic genotype: its definition, characteristics, and capabilities},
  author={Edwards, JS and Palsson, BO},
  journal={Proceedings of the National Academy of Sciences},
  volume={97},
  number={10},
  pages={5528--5533},
  year={2000},
  publisher={National Acad Sciences}
}
