@article{evans1985model,
  title={A model of annual plankton cycles},
  author={Evans, Geoffrey T and Parslow, John S},
  journal={Biological oceanography},
  volume={3},
  number={3},
  pages={327--347},
  year={1985},
  publisher={Taylor \& Francis}
}
