@online{evanson_2019,
		title={World's first 'BioSolar Leaf' to tackle air pollution in White City},
		url={https://www.imperial.ac.uk/news/191026/worlds-first-biosolar-leaf-tackle-pollution/},
		journal={Imperial News},
		publisher={Imperial College London},
		author={Evanson, Deborah},
		year={2019},
		month={4},
		urldate={2020-04-20}
}
