@article{farrelly2013carbon,
  title={Carbon sequestration and the role of biological carbon mitigation: a review},
  author={Farrelly, Damien J and Everard, Colm D and Fagan, Colette C and McDonnell, Kevin P},
  journal={Renewable and sustainable energy reviews},
  volume={21},
  pages={712--727},
  year={2013},
  publisher={Elsevier}
}
