@article{fasham1990nitrogen,
  title={A nitrogen-based model of plankton dynamics in the oceanic mixed layer},
  author={Fasham, Michael JR and Ducklow, Hugh W and McKelvie, Stuart M},
  journal={Journal of Marine Research},
  volume={48},
  number={3},
  pages={591--639},
  year={1990},
  publisher={Sears Foundation for Marine Research}
}
