@article{fasham1995use,
  title={The use of optimization techniques to model marine ecosystem dynamics at the JGOFS station at 47 N 20 W},
  author={Fasham, Michael John Robert and Evans, GT},
  journal={Philosophical Transactions of the Royal Society of London. Series B: Biological Sciences},
  volume={348},
  number={1324},
  pages={203--209},
  year={1995},
  publisher={The Royal Society London}
}
