@article{fennel2001testing,
  title={Testing a marine ecosystem model: sensitivity analysis and parameter optimization},
  author={Fennel, Katja and Losch, Martin and Schr{\"o}ter, Jens and Wenzel, Manfred},
  journal={Journal of Marine Systems},
  volume={28},
  number={1-2},
  pages={45--63},
  year={2001},
  publisher={Elsevier}
}
