@article{ferguson2000electricity,
  title={Electricity use and economic development},
  author={Ferguson, Ross and Wilkinson, William and Hill, Robert},
  journal={Energy policy},
  volume={28},
  number={13},
  pages={923--934},
  year={2000},
  publisher={Elsevier}
}
