@article{findlay2006modelling,
  title={Modelling of autumn plankton bloom dynamics},
  author={Findlay, Helen S and Yool, Andrew and Nodale, Marianna and Pitchford, Jonathan W},
  journal={Journal of plankton research},
  volume={28},
  number={2},
  pages={209--220},
  year={2006},
  publisher={Oxford University Press}
}
