@article{frost1987grazing,
  title={Grazing control of phytoplankton stock in the open subarctic Pacific Ocean: a model assessing the role of mesozooplankton, particularly the large calanoid copepods Neocalanus spp.},
  author={Frost, BW},
  journal={Marine ecology progress series. Oldendorf},
  volume={39},
  number={1},
  pages={49--68},
  year={1987}
}
