@article{garcia2018role,
  title={Role of carbon allocation efficiency in the temperature dependence of autotroph growth rates},
  author={Garc{\'\i}a-Carreras, Bernardo and Sal, Sof{\'\i}a and Padfield, Daniel and Kontopoulos, Dimitrios-Georgios and Bestion, Elvire and Schaum, C-Elisa and Yvon-Durocher, Gabriel and Pawar, Samr{\=a}t},
  journal={Proceedings of the National Academy of Sciences},
  volume={115},
  number={31},
  pages={E7361--E7368},
  year={2018},
  publisher={National Acad Sciences}
}
