@article{gennis1987cytochromes,
  title={The cytochromes of Escherichia coli},
  author={Gennis, Robert B},
  journal={FEMS Microbiology reviews},
  volume={3},
  number={4},
  pages={387--399},
  year={1987},
  publisher={Blackwell Publishing Ltd Oxford, UK}
}
