@article{giraldo2014plant,
  title={Plant nanobionics approach to augment photosynthesis and biochemical sensing},
  author={Giraldo, Juan Pablo and Landry, Markita P and Faltermeier, Sean M and McNicholas, Thomas P and Iverson, Nicole M and Boghossian, Ardemis A and Reuel, Nigel F and Hilmer, Andrew J and Sen, Fatih and Brew, Jacqueline A and others},
  journal={Nature materials},
  volume={13},
  number={4},
  pages={400--408},
  year={2014},
  publisher={Nature Publishing Group}
}
