@article{gonccalves2018extracellular,
  title={Extracellular vesicles and vesicle-free secretome of the protozoa Acanthamoeba castellanii under homeostasis and nutritional stress and their damaging potential to host cells},
  author={Gon{\c{c}}alves, Diego de Souza and Ferreira, Marina da Silva and Liedke, Susie Coutinho and Gomes, Kamilla Xavier and de Oliveira, Gabriel Afonso and Le{\~a}o, Pedro Ernesto Lopes and Cesar, Gabriele Vargas and Seabra, Sergio H and Cortines, Juliana Reis and Casadevall, Arturo and others},
  journal={Virulence},
  volume={9},
  number={1},
  pages={818--836},
  year={2018},
  publisher={Taylor \& Francis}
}
