@article{gong2017dynamics,
  title={Dynamics of bacterial abundance and the related environmental factors in large shallow eutrophic Lake Taihu},
  author={Gong, Yi and Tang, Xiangming and Shao, Keqiang and Hu, Yang and Gao, Guang},
  journal={Journal of Freshwater Ecology},
  volume={32},
  number={1},
  pages={133--145},
  year={2017},
  publisher={Taylor \& Francis}
}
