@article{gonzalez2019drivers,
  title={Drivers of Microbial carbon fluxes Variability in two oligotrophic Mediterranean coastal Systems},
  author={Gonz{\'a}lez-Ben{\'\i}tez, Natalia and Garc{\'\i}a-Corral, Lara S and Mor{\'a}n, Xos{\'e} Anxelu G and Middelburg, Jack J and Pizay, Marie Dominique and Gattuso, Jean-Pierre},
  journal={Scientific reports},
  volume={9},
  number={1},
  pages={1--13},
  year={2019},
  publisher={Nature Publishing Group}
}
