@book{GPCI2019_summary,
  title={Global Power City Index 2019},
  author={Ichikawa, Hiroo},
  address={Tokyo},
  editor={Yamato, Norio and Matsuda, Mariko and Dustan, Peter and Hamada, Yuko and Isogaya, Haruko and Asano, Naoko and Suzuki, Kenji}, 
  publisher={The Mori Memorial Foundation Institute for Urban Strategies},
  pages={32},
  url={http://mori-m-foundation.or.jp/english/ius2/gpci2/index.shtml},
  year={2019}
}
