@article{haei2011effects,
  title={Effects of soil frost on growth, composition and respiration of the soil microbial decomposer community},
  author={Haei, Mahsa and Rousk, Johannes and Ilstedt, Ulrik and {\"O}quist, Mats and B{\aa}{\aa}th, Erland and Laudon, Hjalmar},
  journal={Soil Biology and Biochemistry},
  volume={43},
  number={10},
  pages={2069--2077},
  year={2011},
  publisher={Elsevier}
}
