@article{harcombe2014metabolic,
  title={Metabolic resource allocation in individual microbes determines ecosystem interactions and spatial dynamics},
  author={Harcombe, William R and Riehl, William J and Dukovski, Ilija and Granger, Brian R and Betts, Alex and Lang, Alex H and Bonilla, Gracia and Kar, Amrita and Leiby, Nicholas and Mehta, Pankaj and others},
  journal={Cell reports},
  volume={7},
  number={4},
  pages={1104--1115},
  year={2014},
  publisher={Elsevier}
}
