@article{harris2012bridging,
  title={Bridging the gap between empirical and mechanistic models of aquatic primary production with the metabolic theory of ecology: An example from estuarine ecosystems},
  author={Harris, Lora A and Brush, Mark J},
  journal={Ecological modelling},
  volume={233},
  pages={83--89},
  year={2012},
  publisher={Elsevier}
}

