@article{hellebust1977heterotrophic,
  title={Heterotrophic nutrition},
  author={Hellebust, JOHAN A and Lewin, JOYCE},
  journal={The biology of diatoms},
  volume={13},
  pages={169--197},
  year={1977},
  publisher={Blackwell Scientific Publications Oxford}
}
