@article{hemmings2004split,
  title={Split-domain calibration of an ecosystem model using satellite ocean colour data},
  author={Hemmings, John CP and Srokosz, Meric A and Challenor, Peter and Fasham, Michael JR},
  journal={Journal of Marine Systems},
  volume={50},
  number={3-4},
  pages={141--179},
  year={2004},
  publisher={Elsevier}
}
