@article{huete2018large,
  title={Large plankton enhance heterotrophy under experimental warming in a temperate coastal ecosystem},
  author={Huete-Stauffer, Tamara Megan and Arandia-Gorostidi, Nestor and Gonz{\'a}lez-Ben{\'\i}tez, Natalia and D{\'\i}az-P{\'e}rez, Laura and Calvo-D{\'\i}az, Alejandra and Mor{\'a}n, Xos{\'e} Anxelu G},
  journal={Ecosystems},
  volume={21},
  number={6},
  pages={1139--1154},
  year={2018},
  publisher={Springer}
}
