@article{hurtt1996pelagic,
  title={A pelagic ecosystem model calibrated with BATS data},
  author={Hurtt, George C and Armstrong, Robert A},
  journal={Deep Sea Research Part II: Topical Studies in Oceanography},
  volume={43},
  number={2-3},
  pages={653--683},
  year={1996},
  publisher={Elsevier}
}
