@article{ito2002simulation,
  title={A simulation model of the carbon cycle in land ecosystems (Sim-CYCLE): a description based on dry-matter production theory and plot-scale validation},
  author={Ito, Akihiko and Oikawa, Takehisa},
  journal={Ecological Modelling},
  volume={151},
  number={2-3},
  pages={143--176},
  year={2002},
  publisher={Elsevier}
}
