@article{j1989respiration,
  title={Respiration and microalgal growth: a review of the quantitative relationship between dark respiration and growth},
  author={Geider, Richard J and Osborne, Bruce A},
  journal={New phytologist},
  volume={112},
  number={3},
  pages={327--341},
  year={1989},
  publisher={Wiley Online Library}
}
