@article{jane2018carbon,
  title={Carbon quality regulates the temperature dependence of aquatic ecosystem respiration},
  author={Jane, Stephen F and Rose, Kevin C},
  journal={Freshwater Biology},
  volume={63},
  number={11},
  pages={1407--1419},
  year={2018},
  publisher={Wiley Online Library}
}
