@article{jones1986release,
  title={The release of micro-algal photosynthate and associated bacterial uptake and heterotrophic growth},
  author={Jones, Alvin K and Cannon, Robert C},
  journal={British Phycological Journal},
  volume={21},
  number={4},
  pages={341--358},
  year={1986},
  publisher={Taylor \& Francis}
}
