@article{joshi2018bacterial,
  title={Bacterial Nanobionics via 3D printing},
  author={Joshi, Sudeep and Cook, Ellexis and Mannoor, Manu S},
  journal={Nano letters},
  volume={18},
  number={12},
  pages={7448--7456},
  year={2018},
  publisher={ACS Publications}
}
