@article{kenny2017physiology,
  title={Physiology limits commercially viable photoautotrophic production of microalgal biofuels},
  author={Kenny, Philip and Flynn, Kevin J},
  journal={Journal of applied phycology},
  volume={29},
  number={6},
  pages={2713--2727},
  year={2017},
  publisher={Springer}
}
