@article{kidston2013phytoplankton,
  title={Phytoplankton growth in the Australian sector of the Southern Ocean, examined by optimising ecosystem model parameters},
  author={Kidston, Mehera and Matear, Richard and Baird, Mark E},
  journal={Journal of Marine Systems},
  volume={128},
  pages={123--137},
  year={2013},
  publisher={Elsevier}
}
