@article{kirthiga2014mathematical,
  title={Mathematical Model of Cell Growth for Biofuel Production under Synthetic Feedback},
  author={Kirthiga, Ondivillu Mothilal and Rajendran, Lakshmanan},
  journal={Natural Science},
  volume={2014},
  year={2014},
  publisher={Scientific Research Publishing}
}
