@article{lax2019higher,
  title={Higher Temperatures Generically Favor Slower-Growing Bacterial Species in Multispecies Communities},
  author={Lax, Simon and Abreu, Clare I and Gore, Jeff},
  journal={BioRxiv},
  pages={689380},
  year={2019},
  publisher={Cold Spring Harbor Laboratory}
}
