@article{lewington2019temperature,
  title={Temperature-dependence of minimum resource requirements alters competitive hierarchies in phytoplankton},
  author={Lewington-Pearce, Leah and Narwani, Anita and Thomas, Mridul K and Kremer, Colin T and Vogler, Helena and Kratina, Pavel},
  journal={Oikos},
  volume={128},
  number={8},
  pages={1194--1205},
  year={2019},
  publisher={Wiley Online Library}
}
