@article{li2013experimental,
  title={An experimental study of microbial fuel cells for electricity generating: performance characterization and capacity improvement},
  author={Li, Jessica and others},
  journal={Journal of Sustainable Bioenergy Systems},
  volume={3},
  number={03},
  pages={171},
  year={2013},
  publisher={Scientific Research Publishing}
}
