@article{light2018flavin,
  title={A flavin-based extracellular electron transfer mechanism in diverse Gram-positive bacteria},
  author={Light, Samuel H and Su, Lin and Rivera-Lugo, Rafael and Cornejo, Jose A and Louie, Alexander and Iavarone, Anthony T and Ajo-Franklin, Caroline M and Portnoy, Daniel A},
  journal={Nature},
  volume={562},
  number={7725},
  pages={140--144},
  year={2018},
  publisher={Nature Publishing Group}
}
