@article{llebot2010role,
  title={The role of inorganic nutrients and dissolved organic phosphorus in the phytoplankton dynamics of a Mediterranean bay: a modeling study},
  author={Llebot, Clara and Spitz, Yvette H and Sol{\'e}, Jordi and Estrada, Marta},
  journal={Journal of Marine Systems},
  volume={83},
  number={3-4},
  pages={192--209},
  year={2010},
  publisher={Elsevier}
}
