@article{lopez2007resource,
  title={Resource limitation of bacterial production distorts the temperature dependence of oceanic carbon cycling},
  author={L{\'o}pez-Urrutia, {\'A}ngel and Mor{\'a}n, Xos{\'e} Anxelu G},
  journal={Ecology},
  volume={88},
  number={4},
  pages={817--822},
  year={2007},
  publisher={Wiley Online Library}
}
