@article{lopez2006scaling,
  title={Scaling the metabolic balance of the oceans},
  author={L{\'o}pez-Urrutia, {\'A}ngel and San Martin, Elena and Harris, Roger P and Irigoien, Xabier},
  journal={Proceedings of the National Academy of Sciences},
  volume={103},
  number={23},
  pages={8739--8744},
  year={2006},
  publisher={National Acad Sciences}
}
