@article{loreau2001microbial,
  title={Microbial diversity, producer--decomposer interactions and ecosystem processes: a theoretical model},
  author={Loreau, Michel},
  journal={Proceedings of the Royal Society of London. Series B: Biological Sciences},
  volume={268},
  number={1464},
  pages={303--309},
  year={2001},
  publisher={The Royal Society}
}
