@article{lorence1984effects,
  title={Effects of pH and detergent on the kinetic and electrochemical properties of the purified cytochrome d terminal oxidase complex of Escherichia coli},
  author={Lorence, Robert M and Miller, Michael J and Borochov, Amihud and Faiman-Weinberg, Rosalind and Gennis, Robert B},
  journal={Biochimica et Biophysica Acta (BBA)-Protein Structure and Molecular Enzymology},
  volume={790},
  number={2},
  pages={148--153},
  year={1984},
  publisher={Elsevier}
}
