@article{lotfalipour2010economic,
  title={Economic growth, CO2 emissions, and fossil fuels consumption in Iran},
  author={Lotfalipour, Mohammad Reza and Falahi, Mohammad Ali and Ashena, Malihe},
  journal={Energy},
  volume={35},
  number={12},
  pages={5115--5120},
  year={2010},
  publisher={Elsevier}
}
