@article{maranon2018nutrient,
  title={Nutrient limitation suppresses the temperature dependence of phytoplankton metabolic rates},
  author={Mara{\~n}{\'o}n, Emilio and Lorenzo, Mar{\'\i}a P and Cerme{\~n}o, Pedro and Mouri{\~n}o-Carballido, Beatriz},
  journal={The ISME journal},
  volume={12},
  number={7},
  pages={1836--1845},
  year={2018},
  publisher={Nature Publishing Group}
}
