@article{markou2014microalgal,
  title={Microalgal and cyanobacterial cultivation: the supply of nutrients},
  author={Markou, Giorgos and Vandamme, Dries and Muylaert, Koenraad},
  journal={Water research},
  volume={65},
  pages={186--202},
  year={2014},
  publisher={Elsevier}
}
