@article{marr1991growth,
  title={Growth rate of Escherichia coli.},
  author={Marr, Allen G},
  journal={Microbiology and Molecular Biology Reviews},
  volume={55},
  number={2},
  pages={316--333},
  year={1991},
  publisher={Am Soc Microbiol}
}
