@article{marsland2019available,
  title={Available energy fluxes drive a transition in the diversity, stability, and functional structure of microbial communities},
  author={Marsland III, Robert and Cui, Wenping and Goldford, Joshua and Sanchez, Alvaro and Korolev, Kirill and Mehta, Pankaj},
  journal={PLoS computational biology},
  volume={15},
  number={2},
  pages={e1006793},
  year={2019},
  publisher={Public Library of Science}
}
