@article{matear1995parameter,
  title={Parameter optimization and analysis of ecosystem models using simulated annealing: a case study at Station P},
  author={Matear, Richard J},
  journal={Journal of Marine Research},
  volume={53},
  number={4},
  pages={571--607},
  year={1995},
  publisher={Sears Foundation for Marine Research}
}
