@article{mccormick2015biophotovoltaics,
  title={Biophotovoltaics: oxygenic photosynthetic organisms in the world of bioelectrochemical systems},
  author={McCormick, Alistair J and Bombelli, Paolo and Bradley, Robert W and Thorne, Rebecca and Wenzel, Tobias and Howe, Christopher J},
  journal={Energy \& Environmental Science},
  volume={8},
  number={4},
  pages={1092--1109},
  year={2015},
  publisher={The Royal Society of Chemistry}
}
