@article{mcginn2011integration,
  title={Integration of microalgae cultivation with industrial waste remediation for biofuel and bioenergy production: opportunities and limitations},
  author={McGinn, Patrick J and Dickinson, Kathryn E and Bhatti, Shabana and Frigon, Jean-Claude and Guiot, Serge R and Oâ€™Leary, Stephen JB},
  journal={Photosynthesis research},
  volume={109},
  number={1-3},
  pages={231--247},
  year={2011},
  publisher={Springer}
}
