@article{mcguire1997equilibrium,
  title={Equilibrium responses of global net primary production and carbon storage to doubled atmospheric carbon dioxide: Sensitivity to changes in vegetation nitrogen concentration},
  author={McGuire, A David and Melillo, Jerry M and Kicklighter, David W and Pan, Yude and Xiao, Xiangming and Helfrich, John and Moore III, Berrien and Vorosmarty, Charles J and Schloss, Annette L},
  journal={Global Biogeochemical Cycles},
  volume={11},
  number={2},
  pages={173--189},
  year={1997},
  publisher={Wiley Online Library}
}
