@article{menger2012integration,
  title={Integration of microalgae systems at municipal wastewater treatment plants: implications for energy and emission balances},
  author={Menger-Krug, Eve and Niederste-Hollenberg, Jutta and Hillenbrand, Thomas and Hiessl, Harald},
  journal={Environmental science \& technology},
  volume={46},
  number={21},
  pages={11505--11514},
  year={2012},
  publisher={ACS Publications}
}
