@article{min2005electricity,
  title={Electricity generation using membrane and salt bridge microbial fuel cells},
  author={Min, Booki and Cheng, Shaoan and Logan, Bruce E},
  journal={Water research},
  volume={39},
  number={9},
  pages={1675--1686},
  year={2005},
  publisher={Elsevier}
}
