@article{mitra2009closure,
  title={Are closure terms appropriate or necessary descriptors of zooplankton loss in nutrient--phytoplankton--zooplankton type models?},
  author={Mitra, Aditee},
  journal={Ecological Modelling},
  volume={220},
  number={5},
  pages={611--620},
  year={2009},
  publisher={Elsevier}
}
