@article{mitra2007accounting,
  title={Accounting for grazing dynamics in nitrogen-phytoplankton-zooplankton (NPZ) models},
  author={Mitra, Aditee and Flynn, Kevin J and Fasham, Michael JR},
  journal={Limnology and Oceanography},
  volume={52},
  number={2},
  pages={649--661},
  year={2007},
  publisher={Wiley Online Library}
}
