@article{mohamed2020bioelectricity,
  title={Bioelectricity production from kitchen wastewater using microbial fuel cell with photosynthetic algal cathode},
  author={Mohamed, Samsudeen Naina and Hiraman, Pohekar Ajit and Muthukumar, K and Jayabalan, Tamilmani},
  journal={Bioresource Technology},
  volume={295},
  pages={122226},
  year={2020},
  publisher={Elsevier}
}
