@article{mooshammer2014stoichiometric,
  title={Stoichiometric imbalances between terrestrial decomposer communities and their resources: mechanisms and implications of microbial adaptations to their resources},
  author={Mooshammer, Maria and Wanek, Wolfgang and Zechmeister-Boltenstern, Sophie and Richter, Andreas Anatol},
  journal={Frontiers in microbiology},
  volume={5},
  pages={22},
  year={2014},
  publisher={Frontiers}
}
