@article{mukhopadhyay1998delay,
  title={A delay differential equations model of plankton allelopathy},
  author={Mukhopadhyay, A and Chattopadhyay, J and Tapaswi, PK},
  journal={Mathematical biosciences},
  volume={149},
  number={2},
  pages={167--189},
  year={1998},
  publisher={Elsevier}
}
