@article{natvik2001weak,
  title={A weak constraint inverse for a zero-dimensional marine ecosystem model},
  author={Natvik, L-J and Eknes, M and Evensen, G},
  journal={Journal of Marine Systems},
  volume={28},
  number={1-2},
  pages={19--44},
  year={2001},
  publisher={Elsevier}
}
