@article{neethu2018enhancement,
  title={Enhancement of bioelectricity generation and algal productivity in microbial carbon-capture cell using low cost coconut shell as membrane separator},
  author={Neethu, B and Bhowmick, GD and Ghangrekar, MM},
  journal={Biochemical Engineering Journal},
  volume={133},
  pages={205--213},
  year={2018},
  publisher={Elsevier}
}
