@article{neff1957purification,
  title={Purification, axenic cultivation, and description of a soil amoeba, Acanthamoeba sp.},
  author={Neff, Robert J},
  journal={The Journal of Protozoology},
  volume={4},
  number={3},
  pages={176--182},
  year={1957},
  publisher={Wiley Online Library}
}
