@article{notz2016observed,
  title={Observed Arctic sea-ice loss directly follows anthropogenic CO2 emission},
  author={Notz, Dirk and Stroeve, Julienne},
  journal={Science},
  volume={354},
  number={6313},
  pages={747--750},
  year={2016},
  publisher={American Association for the Advancement of Science}
}
