@article{nowrouzi2011effects,
  title={Effects of environmental factors on phytoplankton abundance and diversity in Kaftar Lake},
  author={Nowrouzi, S and Valavi, H and others},
  journal={Journal of Fisheries and Aquatic Science},
  volume={6},
  number={2},
  pages={130--140},
  year={2011},
  publisher={Academic Journals Inc.}
}
