@article{nurnberg2018photochemistry,
  title={Photochemistry beyond the red limit in chlorophyll f--containing photosystems},
  author={N{\"u}rnberg, Dennis J and Morton, Jennifer and Santabarbara, Stefano and Telfer, Alison and Joliot, Pierre and Antonaru, Laura A and Ruban, Alexander V and Cardona, Tanai and Krausz, Elmars and Boussac, Alain and others},
  journal={Science},
  volume={360},
  number={6394},
  pages={1210--1213},
  year={2018},
  publisher={American Association for the Advancement of Science}
}
