@article{o2017unexpected,
  title={Unexpected changes in community size structure in a natural warming experiment},
  author={Oâ€™Gorman, Eoin J and Zhao, Lei and Pichler, Doris E and Adams, Georgina and Friberg, Nikolai and Rall, Bj{\"o}rn C and Seeney, Alex and Zhang, Huayong and Reuman, Daniel C and Woodward, Guy},
  journal={Nature Climate Change},
  volume={7},
  number={9},
  pages={659--663},
  year={2017},
  publisher={Nature Publishing Group}
}
