@article{onitsuka2005differences,
  title={Differences in ecosystem dynamics between the northern and southern parts of the Japan Sea: Analyses with two ecosystem models},
  author={Onitsuka, Goh and Yanagi, Tetsuo},
  journal={Journal of oceanography},
  volume={61},
  number={3},
  pages={415--433},
  year={2005},
  publisher={Springer}
}
