@article{padfield2016rapid,
  title={Rapid evolution of metabolic traits explains thermal adaptation in phytoplankton},
  author={Padfield, Daniel and Yvon-Durocher, Genevieve and Buckling, Angus and Jennings, Simon and Yvon-Durocher, Gabriel},
  journal={Ecology Letters},
  volume={19},
  number={2},
  pages={133--142},
  year={2016},
  publisher={Wiley Online Library}
}
