@article{pandit2012microbial,
  title={Microbial carbon capture cell using cyanobacteria for simultaneous power generation, carbon dioxide sequestration and wastewater treatment},
  author={Pandit, Soumya and Nayak, Bikram Kumar and Das, Debabrata},
  journal={Bioresource technology},
  volume={107},
  pages={97--102},
  year={2012},
  publisher={Elsevier}
}
