@article{popova1997chaotic,
  title={Chaotic behaviour of an ocean ecosystem model under seasonal external forcing},
  author={Popova, EE and Fasham, MJR and Osipov, AV and Ryabchenko, VA},
  journal={Journal of Plankton Research},
  volume={19},
  number={10},
  pages={1495--1515},
  year={1997},
  publisher={Oxford University Press}
}
