@article{quevreux2020interplay,
  title={Interplay between the paradox of enrichment and nutrient cycling in food webs},
  author={Qu{\'e}vreux, Pierre and Barot, S{\'e}bastien and Th{\'e}bault, {\'E}lisa},
  journal={bioRxiv},
  pages={276592},
  year={2020},
  publisher={Cold Spring Harbor Laboratory}
}
