@article{randolph2008hyperspectral,
  title={Hyperspectral remote sensing of cyanobacteria in turbid productive water using optically active pigments, chlorophyll a and phycocyanin},
  author={Randolph, Kaylan and Wilson, Jeff and Tedesco, Lenore and Li, Lin and Pascual, D Lani and Soyeux, Emmanuel},
  journal={Remote Sensing of Environment},
  volume={112},
  number={11},
  pages={4009--4019},
  year={2008},
  publisher={Elsevier}
}
