@article{raven1984energetics,
  title={Energetics and transport in aquatic plants},
  author={Raven, JA},
  journal={Plant, Cell and Environment},
  volume={8},
  pages={417--25},
  year={1984}
}
