@article{raven1976division,
  title={Division of labour between chloroplast and cytoplasm},
  author={Raven, JA},
  journal={Topics in photosynthesis},
  year={1976}
}
