@article{rawat2011dual,
  title={Dual role of microalgae: phycoremediation of domestic wastewater and biomass production for sustainable biofuels production},
  author={Rawat, I and Kumar, R Ranjith and Mutanda, T and Bux, F},
  journal={Applied energy},
  volume={88},
  number={10},
  pages={3411--3424},
  year={2011},
  publisher={Elsevier}
}
