@article{regaudie2012temperature,
  title={Temperature dependence of planktonic metabolism in the ocean},
  author={Regaudie-de-Gioux, Aurore and Duarte, Carlos M},
  journal={Global Biogeochemical Cycles},
  volume={26},
  number={1},
  year={2012},
  publisher={Wiley Online Library}
}
