@article{reguera2005extracellular,
  title={Extracellular electron transfer via microbial nanowires},
  author={Reguera, Gemma and McCarthy, Kevin D and Mehta, Teena and Nicoll, Julie S and Tuominen, Mark T and Lovley, Derek R},
  journal={Nature},
  volume={435},
  number={7045},
  pages={1098--1101},
  year={2005},
  publisher={Nature Publishing Group}
}
