@article{rhieu2009direct,
  title={Direct electrochemistry of cytochrome P450 27B1 in surfactant films},
  author={Rhieu, Steve Y and Ludwig, Daniel R and Siu, Vince S and Palmore, G Tayhas R},
  journal={Electrochemistry communications},
  volume={11},
  number={10},
  pages={1857--1860},
  year={2009},
  publisher={Elsevier}
}
