@article{robinson1993simulated,
  title={Simulated annual plankton production in the northeastern Pacific Coastal Upwelling Domain},
  author={Robinson, Clifford LK and Ware, Daniel M and Parsons, Timothy R},
  journal={Journal of plankton research},
  volume={15},
  number={2},
  pages={161--183},
  year={1993},
  publisher={Oxford University Press}
}
