@article{rui2016microbial,
  title={Microbial respiration, but not biomass, responded linearly to increasing light fraction organic matter input: Consequences for carbon sequestration},
  author={Rui, Yichao and Murphy, Daniel V and Wang, Xiaoli and Hoyle, Frances C},
  journal={Scientific reports},
  volume={6},
  pages={35496},
  year={2016},
  publisher={Nature Publishing Group}
}
