@article{sahoo2012geographical,
  title={Geographical variation in antibiotic-resistant Escherichia coli isolates from stool, cow-dung and drinking water},
  author={Sahoo, Krushna Chandra and Tamhankar, Ashok J and Sahoo, Soumyakanta and Sahu, Priyadarshi Soumyaranjan and Klintz, Senia Rosales and Lundborg, Cecilia St{\aa}lsby},
  journal={International journal of environmental research and public health},
  volume={9},
  number={3},
  pages={746--759},
  year={2012},
  publisher={Molecular Diversity Preservation International}
}
