@article{samejima1958heterotrophic,
  title={On the heterotrophic growth of Chlorella pyrenoidosa},
  author={Samejima, H and Myers, J},
  journal={Microbiology},
  volume={18},
  number={1},
  pages={107--117},
  year={1958},
  publisher={Microbiology Society}
}
