@article{sanders1992relationships,
  title={Relationships between bacteria and heterotrophic nanoplankton in marine and fresh waters: an inter-ecosystem comparison},
  author={Sanders, Robert W and Caron, David A and Berninger, Ulrike-G},
  journal={Marine ecology progress series},
  pages={1--14},
  year={1992},
  publisher={JSTOR}
}
