@article{savage2004effects,
  title={Effects of body size and temperature on population growth},
  author={Savage, Van M and Gillooly, James F and Brown, James H and West, Geoffrey B and Charnov, Eric L},
  journal={The American Naturalist},
  volume={163},
  number={3},
  pages={429--441},
  year={2004},
  publisher={The University of Chicago Press}
}
