@article{sawa2017electricity,
  title={Electricity generation from digitally printed cyanobacteria},
  author={Sawa, Marin and Fantuzzi, Andrea and Bombelli, Paolo and Howe, Christopher J and Hellgardt, Klaus and Nixon, Peter J},
  journal={Nature communications},
  volume={8},
  number={1},
  pages={1--10},
  year={2017},
  publisher={Nature Publishing Group}
}
