@article{schartau2001parameter,
  title={Parameter estimates of a zero-dimensional ecosystem model applying the adjoint method},
  author={Schartau, Markus and Oschlies, Andreas and Willebrand, J{\"u}rgen},
  journal={Deep Sea Research Part II: Topical Studies in Oceanography},
  volume={48},
  number={8-9},
  pages={1769--1800},
  year={2001},
  publisher={Elsevier}
}
