@article{scheller2018microbial,
  title={Microbial interconversion of alkanes to electricity},
  author={Scheller, Silvan},
  journal={Frontiers in Energy Research},
  volume={6},
  pages={117},
  year={2018},
  publisher={Frontiers}
}
