@incollection{SCHLESINGER2013341,
title = "Chapter 9 - The Oceans",
editor = "William H. Schlesinger and Emily S. Bernhardt",
booktitle = "Biogeochemistry (Third Edition)",
publisher = "Academic Press",
edition = "Third Edition",
address = "Boston",
pages = "341 - 395",
year = "2013",
isbn = "978-0-12-385874-0",
doi = "https://doi.org/10.1016/B978-0-12-385874-0.00009-1",
url = "http://www.sciencedirect.com/science/article/pii/B9780123858740000091",
author = "William H. Schlesinger and Emily S. Bernhardt"
}