@article{schuur2015climate,
  title={Climate change and the permafrost carbon feedback},
  author={Schuur, Edward AG and McGuire, A David and Sch{\"a}del, C and Grosse, Guido and Harden, JW and Hayes, Daniel J and Hugelius, Gustaf and Koven, Charles D and Kuhry, Peter and Lawrence, David M and others},
  journal={Nature},
  volume={520},
  number={7546},
  pages={171--179},
  year={2015},
  publisher={Nature Publishing Group}
}
