@article{senthuran1997lactic,
  title={Lactic acid fermentation in a recycle batch reactor using immobilized Lactobacillus casei},
  author={Senthuran, A and Senthuran, V and Mattiasson, Bo and Kaul, Rajni},
  journal={Biotechnology and bioengineering},
  volume={55},
  number={6},
  pages={841--853},
  year={1997},
  publisher={Wiley Online Library}
}
