@article{sherman2016temperature,
  title={Temperature influence on phytoplankton community growth rates},
  author={Sherman, Elliot and Moore, J Keith and Primeau, Francois and Tanouye, David},
  journal={Global Biogeochemical Cycles},
  volume={30},
  number={4},
  pages={550--559},
  year={2016},
  publisher={Wiley Online Library}
}
