@article{smith2019community,
  title={Community-level respiration of prokaryotic microbes may rise with global warming},
  author={Smith, Thomas P and Thomas, Thomas JH and Garc{\'\i}a-Carreras, Bernardo and Sal, Sof{\'\i}a and Yvon-Durocher, Gabriel and Bell, Thomas and Pawar, Samr{\=a}t},
  journal={Nature communications},
  volume={10},
  number={1},
  pages={1--11},
  year={2019},
  publisher={Nature Publishing Group}
}
