@article{smith2013ecological,
  title={Ecological limits to terrestrial biological carbon dioxide removal},
  author={Smith, Lydia J and Torn, Margaret S},
  journal={Climatic Change},
  volume={118},
  number={1},
  pages={89--103},
  year={2013},
  publisher={Springer}
}
