@article{songera2012electricity,
  title={Electricity Generation in Microbial Fuel Cell by the Decomposition of Organic Slurry by E-Coli},
  author={Songera, Durgesh S and Kabra, Akshay},
  journal={VSRD International Journal of Technical \& Non-Technical Research},
  volume={4},
  number={11},
  pages={245--250},
  year={2013},
  publisher={VSRD International Journals}
}
