@article{spitz2001configuring,
  title={Configuring an ecosystem model using data from the Bermuda Atlantic Time Series (BATS)},
  author={Spitz, YH and Moisan, JR and Abbott, MR},
  journal={Deep Sea Research Part II: Topical Studies in Oceanography},
  volume={48},
  number={8-9},
  pages={1733--1768},
  year={2001},
  publisher={Elsevier}
}
