@article{spitz1998data,
  title={Data assimilation and a pelagic ecosystem model: parameterization using time series observations},
  author={Spitz, YH and Moisan, JR and Abbott, MR and Richman, JG},
  journal={Journal of Marine Systems},
  volume={16},
  number={1-2},
  pages={51--68},
  year={1998},
  publisher={Elsevier}
}
