@article{spohn2015microbial,
  title={Microbial respiration per unit microbial biomass depends on litter layer carbon-to-nitrogen ratio.},
  author={Spohn, Marie},
  journal={Biogeosciences},
  volume={12},
  number={3},
  year={2015}
}
