@article{stapor2018optimization,
  title={Optimization and profile calculation of ODE models using second order adjoint sensitivity analysis},
  author={Stapor, Paul and Fr{\"o}hlich, Fabian and Hasenauer, Jan},
  journal={Bioinformatics},
  volume={34},
  number={13},
  pages={i151--i159},
  year={2018},
  publisher={Oxford University Press}
}
