@article{strik2011microbial,
  title={Microbial solar cells: applying photosynthetic and electrochemically active organisms},
  author={Strik, David PBTB and Timmers, Ruud A and Helder, Marjolein and Steinbusch, Kirsten JJ and Hamelers, Hubertus VM and Buisman, Cees JN},
  journal={Trends in biotechnology},
  volume={29},
  number={1},
  pages={41--49},
  year={2011},
  publisher={Elsevier}
}
