@article{summers2013cultivation,
  title={Cultivation of an obligate Fe (II)-oxidizing lithoautotrophic bacterium using electrodes},
  author={Summers, Zarath M and Gralnick, Jeffrey A and Bond, Daniel R},
  journal={MBio},
  volume={4},
  number={1},
  pages={e00420--12},
  year={2013},
  publisher={Am Soc Microbiol}
}
