@article{usharani2012spirulina,
  title={Spirulina cultivation: a review},
  author={Usharani, G and Saranraj, P and Kanchana, D},
  journal={Int J Pharm Biol Arch},
  volume={3},
  number={6},
  year={2012}
}
