@article{varanasi2020improvement,
  title={Improvement of bioelectricity generation and microalgal productivity with concomitant wastewater treatment in flat-plate microbial carbon capture cell},
  author={Varanasi, Jhansi L and Prasad, Sanjay and Singh, Harshita and Das, Debabrata},
  journal={Fuel},
  volume={263},
  pages={116696},
  year={2020},
  publisher={Elsevier}
}
