@article{wang2019microfluidic,
  title={Microfluidic dielectrophoresis illuminates the relationship between microbial cell envelope polarizability and electrochemical activity},
  author={Wang, Qianru and Jones, A-Andrew D and Gralnick, Jeffrey A and Lin, Liwei and Buie, Cullen R},
  journal={Science advances},
  volume={5},
  number={1},
  pages={eaat5664},
  year={2019},
  publisher={American Association for the Advancement of Science}
}
