@article{wesselink2019feeding,
  title={Feeding mitochondria: potential role of nutritional components to improve critical illness convalescence},
  author={Wesselink, E and Koekkoek, WAC and Grefte, S and Witkamp, RF and van Zanten, ARH},
  journal={Clinical Nutrition},
  volume={38},
  number={3},
  pages={982--995},
  year={2019},
  publisher={Elsevier}
}
