@article{wright1981acanthamoeba,
  title={Acanthamoeba castellanii, a predator of cyanobacteria},
  author={Wright, SJL and Redhead, K and MAUDSLEY, HELEN},
  journal={Microbiology},
  volume={125},
  number={2},
  pages={293--300},
  year={1981},
  publisher={Microbiology Society}
}
