@article{xiao1996relative,
  title={Relative role of changes in COâ‚‚ and climate to equilibrium responses of net primary production and carbon storage of the terrestrial biosphere},
  author={Xiao, Xiangming and Melillo, Jerry M and Kicklighter, David W and McGuire, A David and Stone, Peter H and Sokolov, Andrei P},
  year={1996},
  publisher={MIT Joint Program on the Science and Policy of Global Change}
}
