@article{xie2013microbial,
  title={Microbial battery for efficient energy recovery},
  author={Xie, Xing and Ye, Meng and Hsu, Po-Chun and Liu, Nian and Criddle, Craig S and Cui, Yi},
  journal={Proceedings of the National Academy of Sciences},
  volume={110},
  number={40},
  pages={15925--15930},
  year={2013},
  publisher={National Acad Sciences}
}
