@article{yan2011quantification,
  title={Quantification of Intracellular 2-Oxoglutarate Levels in Escherichia coli: Overcoming Fluctuation and Leakage Problems},
  author={Yan, Dalai and Lenz, Peter and Hwa, Terence},
  journal={Applied and Environmental Microbiology},
  pages={AEM--05257},
  year={2011},
  publisher={Am Soc Microbiol}
}
