@article{yang2008progress,
  title={Progress in carbon dioxide separation and capture: A review},
  author={Yang, Hongqun and Xu, Zhenghe and Fan, Maohong and Gupta, Rajender and Slimane, Rachid B and Bland, Alan E and Wright, Ian},
  journal={Journal of environmental sciences},
  volume={20},
  number={1},
  pages={14--27},
  year={2008},
  publisher={Elsevier}
}
