@incollection{yvon2010temperature,
  title={The temperature dependence of the carbon cycle in aquatic ecosystems},
  author={Yvon-Durocher, Gabriel and Allen, Andrew P and Montoya, Jos{\'e} M and Trimmer, Mark and Woodward, Guy},
  booktitle={Advances in Ecological Research},
  volume={43},
  pages={267--313},
  year={2010},
  publisher={Elsevier}
}
