@article{yvon2010warming,
  title={Warming alters the metabolic balance of ecosystems},
  author={Yvon-Durocher, Gabriel and Jones, J Iwan and Trimmer, Mark and Woodward, Guy and Montoya, Jose M},
  journal={Philosophical Transactions of the Royal Society B: Biological Sciences},
  volume={365},
  number={1549},
  pages={2117--2126},
  year={2010},
  publisher={The Royal Society}
}
