@article{yvon2012reconciling,
  title={Reconciling the temperature dependence of respiration across timescales and ecosystem types},
  author={Yvon-Durocher, Gabriel and Caffrey, Jane M and Cescatti, Alessandro and Dossena, Matteo and Del Giorgio, Paul and Gasol, Josep M and Montoya, Jos{\'e} M and Pumpanen, Jukka and Staehr, Peter A and Trimmer, Mark and others},
  journal={Nature},
  volume={487},
  number={7408},
  pages={472--476},
  year={2012},
  publisher={Nature Publishing Group}
}
