@article{zavvrel2017phenotypic,
  title={Phenotypic characterization of Synechocystis sp. PCC 6803 substrains reveals differences in sensitivity to abiotic stress},
  author={Zav{\v{r}}el, Tom{\'a}{\v{s}} and O{\v{c}}en{\'a}{\v{s}}ov{\'a}, Petra and {\v{C}}erven{\`y}, Jan},
  journal={PloS one},
  volume={12},
  number={12},
  year={2017},
  publisher={Public Library of Science}
}
