@article{zobell1962growth,
  title={Growth, reproduction, and death rates of Escherichia coli at increased hydrostatic pressures},
  author={Zobell, Claude E and Cobet, Andre B},
  journal={Journal of bacteriology},
  volume={84},
  number={6},
  pages={1228--1236},
  year={1962},
  publisher={Am Soc Microbiol}
}
